3042 4300
657 381 838 437 lroaocm
942 345 944 349 ’
1210 381 1253 446 96

191 491 298 532 moene.
1177 491 1192 532 ι.
1207 491 1267 532 mou
1281 489 1297 530 r.
1312 491 1330 531 u

240 553 429 610 ostentatrix.
477 551 542 626 quia
565 568 624 608 non
648 550 835 626 disciplinam
857 551 961 610 matris
984 553 1116 628 agnouit,
1139 571 1206 610 cum
1223 551 1254 609 in

244 640 346 716 puella
369 638 484 698 uideret
505 639 725 697 immedicatum
748 657 781 698 os
811 643 841 698 et
867 641 1088 715 purpurissatas
1111 659 1201 717 genas
1225 643 1255 698 et

181 745 229 795 aaa)
244 729 348 788 inlices
372 727 492 787 oculos?
522 727 573 786 dos
604 731 668 786 erat
695 727 878 787 acreditore
903 728 996 787 omnis
1025 728 1062 785 ad
1089 731 1254 788 temmcium

245 817 342 893 pridie
361 820 480 893 sumpta
499 815 666 891 etquidem
685 812 689 893 l
710 816 859 893 grandior,
882 836 972 892 quam
990 817 1093 876 domus
1112 817 1255 877 exhausta
1269 832 1284 871 ι.
1300 832 1330 872 ιιι

216 910 277 965 aet
297 906 387 982 plena
409 905 510 964 liberis
532 904 712 981 postulabat.

315 993 373 1052 Sed
395 995 473 1052 enim
496 994 561 1066 iste,
586 996 621 1052 ut
643 996 689 1053 eet
709 996 754 1051 rei
771 993 912 1068 modicus,
935 995 999 1070 spei
1017 994 1199 1068 immodicus,
1222 993 1330 1052 LXXV

245 1083 313 1158 pari
344 1082 472 1142 auaritia
502 1084 532 1140 et
560 1085 692 1159 egestate
721 1085 818 1141 totum
840 1082 1026 1142 Pudentillae
1057 1083 1253 1160 quadragiens

245 1172 488 1247 praesumptione
510 1190 594 1231 caesa
617 1171 784 1246 deuorarat,
808 1191 899 1246 eoque
921 1191 968 1230 me
990 1172 1190 1231 amoliendum
1207 1190 1254 1230 ra·

245 1263 310 1335 tua,
341 1278 399 1336 quo
421 1261 539 1319 facilius
561 1259 701 1319 Pontiani
724 1259 914 1335 facilitatem,
943 1261 1129 1320 Pudentillae
1151 1262 1254 1320 solitu-

204 1372 232 1410 ιο
247 1349 347 1409 dinem
369 1348 602 1422 circumueniret,
629 1349 697 1407 infit
719 1367 859 1425 generum
882 1368 967 1408 suum
990 1349 1154 1426 obiurgare,
1177 1347 1255 1425 quod

246 1441 374 1497 matrem
396 1458 480 1498 suam
502 1438 575 1496 mihi
598 1438 808 1512 desponderat:
831 1439 943 1513 suadet,
967 1459 1056 1515 quam
1074 1439 1203 1515 primum
1221 1457 1256 1496 ex

246 1530 333 1586 tanto
355 1527 495 1603 periculo,
519 1526 589 1584 dum
611 1527 689 1600 licet,
714 1526 819 1601 pedem
841 1528 958 1601 referat,
981 1547 1043 1586 rem
1065 1529 1169 1587 matris
1192 1529 1255 1603 ipse

248 1615 348 1691 potius
371 1615 493 1690 babeat,
523 1634 611 1690 quam
641 1615 753 1673 homini
783 1617 910 1675 extrario
941 1618 1035 1675 sciens
1056 1618 1257 1676 transmittet:

248 1705 280 1763 ni
301 1705 347 1763 ita
368 1705 469 1776 faciat,
491 1704 576 1763 inicit
599 1705 771 1782 scrupulum
799 1706 911 1762 amenti
934 1706 1153 1765 adulescentulo
1177 1709 1255 1764 uete-

207 1815 234 1854 15
249 1795 345 1867 nator,
374 1794 506 1851 minutim
535 1811 565 1850 se
587 1793 680 1850 filiam
710 1792 912 1852 abducturum.
960 1794 1030 1869 quid
1059 1793 1183 1854 multis?
1213 1796 1256 1852 iu·

249 1900 354 1941 uenem
377 1883 553 1957 simplicem,
582 1885 736 1956 praeterea
765 1900 860 1940 nouae
889 1885 1000 1957 nuptae
1028 1883 1183 1942 inlecebris
1205 1883 1256 1942 cb·

249 1972 398 2029 nonatum
420 1989 473 2029 auo
496 1970 644 2029 arbitratu
662 1970 697 2027 de
715 1971 767 2028 uia
786 1970 922 2028 deflectit.
958 1972 983 2028 it
1006 1971 1056 2028 ille
1076 1971 1113 2028 ad
1132 1975 1257 2030 matrem

250 2059 407 2118 uerborum
429 2059 529 2118 Rufini
552 2059 684 2135 gemtus,
714 2058 765 2116 sed
795 2061 992 2134 nequicquam
1018 2061 1167 2135 temptata
1194 2060 1256 2118 cius

251 2150 414 2227 grauitate,
445 2151 524 2207 ultro
553 2150 617 2224 ipae
644 2147 777 2206 leuitatis
801 2151 831 2207 et
857 2149 1072 2207 inconstantiae
1094 2150 1256 2224 increpitus

209 2230 395 2319 acrepoulltet
413 2238 451 2297 ad
469 2256 602 2297 socerum
624 2237 702 2294 haud
726 2237 842 2295 mollia:
869 2238 956 2296 matri
981 2256 1050 2296 suae
1073 2240 1192 2314 praeter
1213 2240 1257 2295 in·

251 2328 370 2404 genium
392 2327 626 2402 placidissimum
647 2325 793 2385 immobili
815 2328 891 2383 iram
910 2345 1026 2402 quoque
1049 2345 1103 2385 sua
1121 2330 1256 2403 expostu-

251 2416 362 2475 latione
384 2417 553 2490 accessisse,
581 2434 640 2473 non
667 2414 812 2473 mediocre
839 2415 1019 2490 pertinaciae
1043 2415 1256 2474 adiumentum:

250 2502 435 2581 reapondiese
458 2522 523 2562 eam
546 2504 685 2579 denique,
716 2522 775 2562 non
806 2505 881 2562 clam
914 2523 944 2563 se
977 2523 1052 2579 esee,
1084 2504 1182 2563 Rufini
1210 2524 1257 2563 er-

181 2594 414 2652 .c1cr.bcrtatione
447 2611 543 2651 secum
577 2593 769 2668 expostulari3
809 2612 843 2651 eo
880 2595 928 2651 uel
960 2594 1054 2671 magis
1087 2594 1143 2653 eibi
1175 2594 1257 2653 auxi·

323 2749 357 2796 20
371 2743 453 2812 Verg.
475 2742 522 2797 Ge.
538 2743 637 2811 111413
658 2745 725 2796 Aen.
740 2744 779 2796 XI
795 2749 858 2811 7283
878 2745 929 2797 ΧΠ
943 2751 984 2798 21).

324 2891 339 2937 2
358 2884 539 2939 imedicatum
558 2885 579 2937 F
597 2886 769 2939 medicatum
787 2907 808 2954 φ
826 2886 856 2938 1ιι
874 2886 1042 2939 meditatum
1061 2889 1079 2940 ὃ
1156 2892 1170 2939 7
1191 2902 1257 2952 qua-

253 3008 375 3079 (lugiens
402 3009 424 3061 F
452 3009 607 3080 qdrfflgiee
635 3030 656 3079 φ
686 3009 866 3080 quadrigiene
894 3012 912 3064 d
1018 3015 1033 3064 8
1063 3009 1258 3079 deucrauerat]

254 3093 501 3206 defnpotaueratl'
521 3133 670 3186 deuorarat
658 3137 709 3203 tq
736 3137 739 3201 Ι
764 3149 827 3186 mea
844 3134 1015 3187 moliendum
1033 3134 1105 3202 de
1124 3134 1165 3203 (ia
1184 3153 1205 3200 φ
1223 3150 1257 3186 m.

253 3294 275 3328 r.
294 3276 388 3328 iurabit
406 3290 424 3327 a
442 3281 467 3329 et
483 3277 522 3343 m)
579 3280 611 3327 10
631 3234 808 3329 circu³uenil
808 3234 891 3347 ιῇιε
902 3274 1005 3329 &Fiet
1023 3248 1073 3346 ιιι9.
1088 3274 1125 3328 r&
1182 3280 1213 3325 12
1229 3289 1258 3327 ee

254 3345 393 3414 ferati'p
419 3348 423 3412 Ι
447 3362 506 3399 rem
524 3346 572 3415 Fq
597 3350 663 3416 (con
680 3346 734 3414 ree)
756 3296 868 3399 bonalla
959 3351 991 3399 14
1010 3344 1258 3413 adolescentulae

256 3422 287 3469 15
307 3416 559 3485 abducturame
646 3423 678 3471 16
696 3415 877 3485 illecebrieq
964 3421 996 3469 18
1015 3432 1050 3470 nc
1069 3415 1258 3484 quicqucmll

255 3486 441 3554 nequicquam
460 3507 481 3555 φ
572 3493 603 3539 21
623 3488 760 3567 immobili
779 3488 854 3542 Jahn
872 3487 1015 3542 immobile
1033 3488 1088 3557 Fq
1101 3486 1257 3557 placidissi-

254 3627 330 3664 mum
347 3566 484 3679 1ι1ἕό1ικ
502 3610 684 3682 immobileq
753 3618 787 3665 22
807 3612 978 3665 ammentum
992 3612 1013 3663 p
1029 3612 1221 3665 adiumentum
1237 3631 1259 3679 φ

252 3687 289 3803 {d
303 3681 495 3807 90111ξοῖ1191ιέ
509 3684 527 3735 ἃ
540 3633 700 3737 exoratione
714 3684 764 3754 [lq
783 3685 819 3753 cf
826 3702 856 3753 p.
865 3688 912 3737 ab
919 3688 969 3750 lb
973 3682 1073 3736 abab
1081 3701 1116 3749 p
1119 3688 1172 3732 ‘en
1173 3681 1277 3729 *nm
