3042 4300
293 312 338 402 44
570 337 600 390 n.
620 335 753 389 arvum
770 335 1029 390 ninivannsrs

189 446 205 486 r.
221 447 281 487 111s.
295 446 312 485 f.
325 448 357 486 aa.
1252 444 1295 483 no.
1309 441 1351 482 oue

295 525 411 583 mergos
435 508 466 564 et
487 504 641 581 delphinos
665 507 695 563 et
722 505 837 563 scillam
866 506 900 561 tu
932 503 1033 562 eodem
1062 505 1183 578 refereS,
1215 505 1306 562 etiam

296 596 418 670 gulones
453 595 563 669 omniS,
592 595 644 669 qui
673 594 813 669 inpendio
844 612 862 650 a
893 593 1089 670 piscatoribus
1120 595 1306 670 merguntur,

297 685 387 742 etiam
409 683 489 759 ipsos
511 683 687 758 piscatoreS,
720 683 771 757 qui
803 682 935 739 omnium
961 702 1101 759 generum
1128 683 1218 758 piscis
1243 685 1307 741 arte

297 772 465 846 adquirunt.
511 767 575 829 ‘cur
605 790 674 847 ergo
705 773 740 828 tn
773 765 921 845 quaerisl'
952 773 1021 830 nolo
1054 771 1189 846 equidem
1216 766 1226 850 d
1253 747 1351 850 necffid

296 862 494 919 necessarium
516 860 609 918 habeo
631 859 687 916 tibi
706 859 811 933 dicere,
834 858 885 917 sed
902 879 956 934 per
973 863 1012 934 te,
1035 861 1061 918 si
1078 862 1172 935 potes,
1196 860 1309 919 adhoc
1336 878 1349 918 s

298 950 445 1024 quaesisse
472 968 519 1006 me
548 967 653 1024 argue,
680 950 715 1005 ut
742 948 768 1006 si
795 947 976 1006 helleborum
1008 949 1056 1007 uel
1093 949 1220 1007 cicutam
1250 951 1307 1014 ¹uel

297 1057 399 1096 sucum
421 1037 580 1115 papaueris
609 1036 756 1111 emissem,
786 1037 858 1094 item
888 1037 949 1094 alia
972 1037 1102 1096 eiusdem
1130 1037 1212 1096 modi
1235 1057 1308 1113 quo-

296 1146 362 1184 rum
380 1126 548 1184 moderatus
569 1143 639 1183 usus
658 1126 807 1200 salutaris,
830 1125 880 1183 sed
899 1126 1068 1199 commixtio
1086 1127 1136 1184 nel
1155 1128 1308 1201 quantitas

297 1216 385 1273 noxia
408 1217 461 1274 est.
494 1213 573 1288 ,quis
604 1232 679 1288 equo
703 1214 801 1272 animo
830 1216 998 1289 pateretur,
1028 1215 1054 1273 si
1082 1234 1129 1273 me
1158 1234 1212 1290 per
1233 1215 1307 1274 haec
1323 1230 1351 1278 (a

296 1303 431 1362 ueneficii
455 1320 622 1376 arcessereS,
646 1301 724 1377 quod
747 1321 783 1360 ex
805 1303 865 1360 illis
888 1305 987 1378 potest
1009 1303 1096 1361 homo
1120 1301 1233 1362 occidi?
1323 1324 1351 1362 10

191 1391 321 1450 xxxm
365 1392 525 1450 Videamus
557 1393 672 1464 tamen,
701 1410 776 1465 qnae
808 1392 920 1449 fuerint
950 1392 1076 1467 piscium
1108 1412 1216 1468 genera
1243 1395 1309 1451 tam

297 1481 461 1539 necessaria
485 1479 522 1536 ad
545 1479 710 1538 habendum
733 1482 854 1554 tamque
877 1499 945 1538 rara
964 1480 1001 1538 ad
1015 1480 1249 1557 repperiendum,
1272 1485 1308 1540 nt

296 1569 402 1626 merito
426 1570 539 1627 statuto
561 1569 694 1644 praemio
722 1571 939 1643 quaererentur.
984 1570 1043 1627 tria
1071 1571 1190 1628 omnino
1213 1571 1308 1628 nomi-

297 1660 457 1730 nauercnt,
486 1676 578 1714 unum
600 1657 682 1730 falsi,
712 1656 770 1714 duo
793 1658 920 1715 mentiti.
966 1657 1048 1732 falsi,
1076 1658 1154 1733 quod
1176 1659 1309 1734 leporem

296 1746 444 1802 marinum
474 1745 565 1804 fuisse
598 1746 750 1819 dixenmt,
781 1747 832 1820 qui
864 1746 940 1805 alius
972 1748 1091 1805 omnino
1117 1749 1207 1822 piscis
1238 1748 1307 1823 fuit,
1324 1767 1350 1808 1s

298 1853 385 1909 quem
406 1834 480 1891 mihi
503 1834 660 1892 Themison
683 1852 785 1892 seruus
809 1837 924 1910 noster,
953 1836 1115 1894 medicinae
1142 1856 1202 1894 non
1224 1837 1309 1913 igna-

296 1941 360 1997 rus,
391 1926 426 1981 nt
454 1943 488 1982 ex
515 1923 580 1998 ipso
609 1923 731 1997 audisti,
764 1923 842 1981 ultro
874 1924 977 1982 attulit
1007 1924 1043 1982 ad
1073 1925 1309 2001 inspiciundum:

271 2056 273 2061 .
297 2031 366 2069 nam
397 2012 515 2087 quidem
544 2012 674 2087 leporem
706 2011 836 2070 nondum
869 2013 959 2070 etiam
991 2014 1113 2071 inuenit.
1159 2013 1210 2072 sed
1239 2034 1308 2090 pro-

241 2115 242 2120 ’
296 2100 382 2160 fiteor
399 2121 446 2160 me
466 2120 604 2177 quaerere
623 2104 653 2160 et
670 2103 776 2175 cetera,
794 2120 853 2160 non
871 2101 1067 2177 piscatoribus
1085 2100 1181 2176 modo,
1204 2122 1309 2162 nerum

299 2192 389 2248 etiam
423 2192 524 2249 amicis
556 2190 628 2249 meis
661 2192 780 2266 negotio
812 2190 896 2265 dato,
936 2192 1101 2266 quicunque
1133 2193 1230 2250 minus
1261 2211 1308 2251 co·
1323 2212 1349 2251 ac

221 2293 238 2333 r.
251 2294 285 2334 es.
299 2280 377 2356 gniti
406 2272 410 2360 l
437 2279 552 2356 generis
574 2279 664 2354 piscis
691 2278 844 2352 inciderit,
867 2282 902 2337 ut
929 2284 982 2339 act
1006 2282 1104 2353 ipsam
1130 2282 1235 2339 ciacon
1261 2283 1320 2366 act-

356 2488 369 2533 1
382 2481 527 2535 delfinosF
537 2481 540 2553 l
551 2481 718 2551 scillame
728 2480 822 2559 scillas
834 2482 885 2536 Kr.
922 2488 939 2536 2
950 2488 1002 2556 oss
1012 2482 1104 2537 s1oes
1114 2483 1162 2556 F²l
1172 2484 1308 2552 inpendio

714 2568 778 2603 -iVJ
834 2565 865 2602 ιθ]

263 2631 273 2654 ι
297 2604 625 2676 Flmergimtursicl'p
680 2604 738 2660 dci
774 2604 945 2677 FlpiscisF
998 2607 1308 2679 aacquirnnt'plcum

297 2675 347 2742 Fq
389 2674 487 2729 ascire
496 2678 576 2743 potes
586 2677 681 2731 Belide
723 2683 738 2730 6
745 2682 809 2747 post
816 2678 849 2729 nt
859 2678 911 2732 Kr.
921 2678 1019 2733 detuit
1033 2679 1169 2745 lacwccm,
1183 2680 1263 2733 cuias
1276 2681 1308 2733 ia

297 2747 357 2799 cdd.
376 2746 484 2800 colicon
501 2748 646 2817 aestiqiam
659 2754 744 2814 cetat,
761 2765 846 2816 mque
860 2764 928 2817 opas
941 2755 979 2803 est
992 2750 1135 2804 dammodo
1146 2757 1209 2817 post
1222 2749 1307 2804 noxia

297 2818 341 2870 est
354 2817 404 2885 (as.
420 2818 447 2886 9)
464 2818 675 2886 interfflmaeeas.
703 2819 767 2874 Hoc
779 2820 858 2874 dicit:
878 2819 943 2874 nolo
957 2819 1012 2872 tibi
1026 2835 1139 2872 causam
1154 2837 1202 2873 cur
1215 2820 1307 2889 pisces

298 2887 474 2956 quaesierim,
493 2887 594 2957 dicere,
612 2889 663 2942 sed
675 2892 726 2942 tua
740 2893 848 2959 sponte,
867 2890 892 2943 si
909 2907 966 2944 non
985 2905 1014 2943 es
1033 2890 1116 2944 nimis
1132 2891 1243 2959 stultus,
1262 2908 1307 2945 me

297 2973 407 3026 accusa,
424 2975 469 3012 me
489 2959 587 3013 eodem
605 2960 721 3014 consilio
739 2960 830 3029 pisces
851 2976 1034 3029 comparasse,
1053 2978 1108 3028 quo
1127 2979 1193 3015 usus
1209 2979 1307 3030 essem,

298 3029 322 3082 si
340 3028 539 3098 medicamina,
562 3046 635 3097 quae
653 3034 682 3085 et
699 3032 785 3086 noxia
803 3035 832 3086 et
851 3031 986 3086 salutaria
1005 3048 1065 3086 esse
1082 3032 1206 3101 possint,
1226 3034 1306 3086 emis-

298 3117 363 3155 sem.
409 3100 498 3154 Nemo
529 3117 574 3154 me
606 3101 669 3156 ideo
701 3102 857 3156 ueneficum
889 3103 1042 3171 crederet!
1067 3103 1222 3157 elleborinn
1248 3105 1306 3173 Fp

299 3177 313 3223 l
333 3189 431 3224 sucum
449 3172 498 3240 Ρφ
521 3175 525 3241 Ι
546 3172 696 3240 paraueril.
708 3174 828 3287 Zsemisse
846 3174 868 3226 F
887 3175 978 3243 (prior
996 3174 1010 3227 l
1025 3175 1056 3227 ic
1072 3176 1115 3232 lit.
1130 3183 1264 3243 peractam
1282 3182 1308 3230 ct

299 3295 385 3349 altera
404 3295 513 3350 serasa
536 3303 613 3364 aaa&
638 3296 752 3365 parauit
778 3296 918 3366 emissep
1009 3298 1095 3350 9hec
1113 3297 1162 3367 Fa
1180 3299 1234 3352 hoc
1253 3300 1305 3353 Kr.

300 3424 332 3471 12
351 3419 566 3487 repperiendum
587 3420 609 3472 F
632 3420 829 3488 reperiendum
852 3440 874 3488 φ
961 3426 992 3473 13
1017 3371 1133 3475 statdwd*
1153 3424 1260 3476 statuto
1283 3443 1305 3490 φ

298 3491 373 3543 stato
406 3491 544 3545 Rossbach
576 3493 581 3560 Ι
614 3490 831 3544 nominauerunt
862 3490 977 3547 Gasccb.
1011 3492 1226 3546 nominauerant
1252 3494 1306 3562 Fa

300 3565 333 3614 16
352 3560 455 3615 themis
475 3577 624 3616 conseruus
642 3560 692 3629 Fq
801 3566 834 3615 18
852 3561 962 3616 inuenit
979 3563 1033 3631 Fp
1059 3563 1155 3617 inueni
1174 3564 1226 3619 Kr.
1246 3582 1306 3618 curn

301 3631 437 3684 Grosloho
515 3638 550 3684 20
569 3631 777 3702 quicumquecp
863 3638 896 3686 21
915 3634 949 3687 ut
966 3636 1016 3687 aut
1034 3634 1127 3701 ipsum
1144 3634 1242 3687 uinum
1259 3634 1306 3688 uel

236 3701 425 3801 ιιιιοιΐηιυιι
449 3702 616 3771 ostendant,
647 3705 699 3758 ant
722 3702 749 3758 si
768 3703 799 3759 id
817 3704 998 3775 nequierint,
1024 3704 1086 3757 eins
1106 3703 1182 3754 mini
1195 3703 1320 3755 termam
