3042 4300
675 371 858 427 APOLOGIA
1208 372 1271 438 125

173 480 195 519 d.
209 479 313 521 Oudsnd.
1193 481 1209 523 1.
1224 482 1287 523 litt.
1299 481 1315 522 1.
1330 484 1348 524 24

259 540 333 617 quid
355 560 392 600 ex
414 560 449 601 ea
470 541 605 617 petierit,
631 559 683 600 cur
712 541 824 600 fecerit.
870 542 996 600 formam
1024 542 1086 601 eius
1115 540 1271 602 uoluerat?

258 631 386 708 negatis.
441 629 563 689 diuitias
604 630 711 689 saltem
747 628 960 707 concupierat?
1005 633 1117 708 negant
1151 632 1271 691 tabulas

258 719 351 794 dotis,
381 721 493 797 negant
521 719 642 787 tabulae
672 718 857 794 donationis,
887 723 998 796 negent
1028 720 1150 779 tabulae
1180 724 1271 780 testa·

258 809 368 883 menti,
390 810 423 866 in
446 807 552 885 quibus
575 827 635 866 non
657 807 745 867 modo
768 828 829 867 non
852 808 957 885 cupide
982 809 1143 885 appetisse,
1168 829 1272 869 uerum

220 916 232 956 s
259 898 352 956 etiam
375 897 447 957 dure
470 897 634 974 reppulisse
657 897 868 956 liberalitatem
891 898 1079 957 suae'uxoris
1098 898 1271 958 ostenditur.

190 1002 246 1052 (cor)
261 1006 337 1063 quae
369 987 464 1065 igitur
496 986 555 1044 alia
592 1005 681 1045 causa
714 984 778 1046 est?
825 986 896 1061 quid
934 985 1154 1046 ommutuistis?
1201 988 1273 1063 quid

259 1074 388 1135 tacetis?
433 1075 483 1134 ubi
507 1074 582 1133 illud
608 1075 704 1134 libelli
727 1076 821 1134 uestri
844 1078 929 1134 atrox
951 1076 1132 1152 principium
1154 1076 1272 1135 nomine

259 1165 395 1243 priuigni
417 1165 475 1224 mei
493 1162 674 1223 formatum?
698 1158 788 1222 ‘hunc
807 1183 870 1241 ego,
894 1165 1010 1224 domine
1029 1165 1166 1239 Maxime,
1189 1185 1273 1224 reum

260 1254 341 1330 opud
358 1256 390 1313 te
407 1254 504 1313 facere
517 1247 658 1312 institui.>
686 1254 757 1328 quin
776 1254 870 1330 igitur
885 1253 968 1313 addis
979 1248 1074 1312 ‘reum
1087 1255 1274 1333 magistrum,
1289 1254 1348 1315 cm

222 1362 346 1402 rursum
372 1343 527 1418 uitricum,
558 1361 641 1401 reum
669 1336 923 1418 deprecatorem'?
969 1342 1020 1402 sed
1048 1342 1119 1418 quid
1148 1341 1272 1402 deinde?

261 1425 472 1509 ‘plurimorum
508 1431 720 1490 maleficiorum
752 1434 783 1490 st
818 1426 1147 1491 manifestissimorum'.
1202 1432 1273 1492 cedo

259 1541 354 1579 unum
377 1520 413 1580 de
435 1521 586 1596 plurimis,
615 1519 685 1579 cedo
709 1518 832 1580 dubium
854 1521 903 1579 uel
930 1521 1036 1580 saltem
1059 1522 1215 1580 obscurum
1239 1521 1273 1580 de

259 1610 521 1670 manifestissimis.
567 1612 697 1668 ceterum
720 1608 758 1668 ad
784 1609 857 1668 haec
881 1629 956 1687 quae
980 1610 1128 1670 obiecistis
1151 1631 1273 1670 numera

261 1719 301 1758 an
322 1699 401 1759 binis
421 1691 426 1779 Ι
446 1699 545 1758 uerbis
567 1699 769 1775 respondeam.
805 1693 919 1758 ‘dentes
938 1695 1132 1774 splendicas':
1154 1700 1274 1778 ignosce

222 1807 247 1848 rs
259 1787 425 1854 munditiis.
471 1781 602 1864 ‘speculo
625 1781 776 1862 inspicis':
802 1787 888 1846 debet
910 1787 1112 1866 philosophus.
1160 1783 1274 1849 ‘uersus

260 1872 361 1936 facis':
397 1877 468 1935 licet
499 1876 571 1935 fieri.
626 1871 733 1952 ‘pisces
769 1871 929 1952 exploras':
969 1876 1146 1937 Aristotcles
1181 1877 1274 1937 docet.

174 1969 179 1975 ’
261 1960 390 2044 ‘lignum
413 1960 594 2026 consecras’:
621 1964 708 2024 Plato
736 1964 851 2024 suadet.
898 1959 1030 2024 ‘uxorem
1057 1961 1166 2026 ducis':
1193 1966 1274 2044 leges

261 2056 374 2114 iubent.
421 2049 515 2132 ‘prior
536 2057 610 2113 natu
632 2055 690 2113 istc
713 2048 783 2113 est’:
810 2053 887 2112 solet
913 2053 984 2112 fieri.
1031 2048 1158 2113 ‘lucrum
1181 2058 1274 2114 secta·

261 2147 311 2204 tus
342 2139 398 2205 es':
429 2143 536 2204 dotalis
564 2137 722 2223 <tcbnlcs>
750 2142 865 2221 accipe,
894 2140 1083 2203 donationem
1112 2143 1275 2220 recordare,

222 2253 248 2293 so
262 2235 474 2293 testamentum
497 2233 570 2310 lege.
617 2234 742 2309 quaesi
772 2233 871 2291 omnia
899 2233 1013 2291 affatim
1040 2233 1151 2307 retudi,
1179 2234 1204 2292 si
1228 2252 1274 2292 ca·

261 2324 391 2382 lumnias
422 2323 698 2410 omnes-refutem,
730 2322 756 2381 si
788 2341 834 2380 me
866 2321 898 2379 in
931 2323 1066 2381 omnibus
1096 2342 1156 2381 non
1187 2323 1274 2383 modo

262 2412 445 2487 criminibus,
468 2430 571 2470 uerum
594 2410 685 2470 stiam
707 2410 873 2470 maledictis
895 2412 1000 2486 procul
1023 2412 1146 2487 aculpa
1165 2406 1274 2491 [philo-

174 2476 399 2580 ‚1(1⁶4⁰1³<)„‚sophiae]
422 2503 506 2559 tutus
538 2518 617 2575 sum,
647 2500 673 2558 si
695 2499 900 2576 philosophiae
932 2499 1086 2575 honorem,
1119 2501 1170 2577 qui
1192 2501 1266 2559 mihi

264 2590 360 2649 salute
383 2609 449 2648 meo
473 2589 624 2665 antiquior
651 2591 709 2663 est,
738 2608 886 2665 nusquam
915 2590 1022 2664 minui,
1051 2590 1142 2649 immo
1173 2593 1275 2649 contra

223 2699 249 2740 ss
263 2680 373 2755 ubique
397 2680 423 2738 si
445 2698 512 2737 cum
531 2682 644 2754 septem
662 2678 768 2755 pennis
787 2698 854 2737 eum
876 2679 973 2737 tenui:
995 2678 1022 2738 si
1043 2679 1125 2754 haec,
1148 2683 1182 2737 ut
1200 2679 1275 2754 dico,

335 2960 351 3009 5
370 2954 526 3025 reppulisse
543 2954 565 3008 F
583 2915 719 3023 ri'p'ulisso
738 2976 759 3023 φ
778 2956 812 3022 cs.
832 2972 859 3024 p.
881 2960 939 3009 122.
951 2960 997 3023 26,
1013 2959 1064 3009 598
1085 2954 1115 3009 Ο.
1130 2972 1157 3023 p.
1179 2960 1237 3008 124.
1249 2961 1274 3024 2,

264 3084 316 3133 coo
332 3078 363 3133 ο.
398 3082 403 3148 l
435 3078 653 3133 somnusue
758 3078 891 3151 sigitur]
912 3043 970 3149 g's
1004 3082 1008 3147 ι
1043 3078 1274 3134 ommueususr

265 3154 281 3203 8
295 3150 541 3205 formormntumF
597 3155 631 3202 14
645 3149 804 3218 splendicas
822 3151 921 3220 scripsi
929 3151 963 3217 cs.
975 3150 1042 3205 Met.
1053 3150 1079 3203 V
1088 3156 1113 3219 9,
1123 3168 1149 3219 p.
1167 3154 1275 3218 lolio,

264 3220 316 3275 VH
335 3226 359 3275 8.
380 3225 465 3276 1484
495 3221 656 3290 splendidos
684 3221 733 3290 Pp
760 3223 795 3289 cf.
825 3222 933 3276 Huic.
964 3228 996 3274 15
1025 3220 1055 3275 Ο.
1083 3239 1110 3291 p.
1134 3225 1205 3275 4.1s
1228 3221 1274 3276 Kr.

265 3292 428 3362 splendidas
453 3294 531 3362 Lips.
558 3293 689 3359 ‚fortasse
714 3292 909 3361 splendificam
929 3293 981 3348 Kr.
1073 3297 1106 3346 15
1129 3292 1275 3346 munditiis

264 3363 316 3433 Εφ
390 3368 423 3418 18
441 3364 518 3433 prior
535 3366 605 3417 natu
623 3363 722 3436 is<ta>
742 3366 785 3417 est
807 3365 905 3433 scripsi
926 3380 988 3418 cum
1005 3364 1085 3419 Hild.
1108 3363 1185 3432 prior
1206 3366 1276 3417 netu

265 3469 290 3524 is
310 3473 353 3525 est
370 3470 392 3523 F
410 3472 442 3523 iu
461 3492 482 3539 φ
501 3472 539 3526 acl
556 3470 580 3524 is
599 3472 631 3524 in
647 3488 699 3542 my.
719 3472 887 3539 adscriptum
906 3478 955 3525 est:
978 3469 1013 3523 Is
1031 3457 1117 3524 refert
1136 3469 1173 3523 ad
1190 3459 1277 3525 fciam

267 3540 297 3612 [s.
316 3541 498 3625 Pufffiffllamz
516 3542 654 3612 posterior
671 3544 755 3596 natus
774 3557 803 3624 es
823 3542 874 3625 Kr.
949 3546 981 3595 19
1003 3542 1105 3595 dotalis
1120 3540 1276 3625 (tabulas)

265 3613 539 3757 bbnffissoiiiai]
558 3618 672 3740 seclusi?
684 3612 811 3741 grissibbbl
837 3630 869 3667 m
886 3613 1148 3738 {bctbibuseibugxl
1157 3614 1297 3756 ἓξὲξ-ὲ

262 3771 322 3807 sum
341 3756 393 3809 Kr.
438 3760 471 3811 25
486 3757 512 3813 si
527 3775 593 3813 cum
607 3760 721 3831 septem
733 3757 874 3831 permisit
885 3778 907 3828 tp
920 3757 1006 3812 uolut
1012 3750 1324 3808 immanissimum
