3042 4300
609 397 792 452 APOLOGIA
1163 398 1205 462 47

187 506 250 549 iana.
1144 507 1159 548 r.
1174 509 1234 548 una.
1248 506 1264 547 r.
1278 507 1312 547 es.

190 568 428 642 reciprocantur,
449 566 611 642 tranquillo
634 564 828 625 deseruntur?
855 561 867 645 ll
892 585 986 642 neque
1009 567 1087 624 enim
1109 567 1206 627 minus

191 657 263 714 istis
288 674 363 730 quae
386 656 614 714 commemoraui
637 654 852 714 accommodari
873 657 997 730 possunt
1016 645 1153 715 similiter
1172 676 1207 715 ex

191 743 342 804 uocabulo
361 745 549 820 suspiciones.
586 762 672 818 posse
693 743 792 803 dicitis
811 743 912 805 adres
931 744 1064 802 uenerias
1088 747 1207 820 sumpta

192 833 231 891 de
255 834 331 890 mari
354 834 454 908 spuria
478 834 507 891 et
529 833 642 892 fascina
660 835 782 908 propter
799 832 952 891 nominum
970 831 1206 892 similitudinem:

194 923 249 997 qui
270 922 369 980 minus
400 922 496 997 possit
528 940 563 980 ex
586 921 687 980 eodem
718 922 806 980 litore
839 921 968 980 calculus
1001 921 1038 978 ad
1069 921 1206 995 uesicam,

191 1013 275 1071 testa
289 1010 326 1068 ad
339 1012 559 1084 testamentum,
577 1029 680 1069 cancer
699 1009 736 1068 ad
749 1011 858 1085 ulcera,
877 1010 946 1086 alga
959 1009 996 1068 ad
1016 1009 1206 1085 quercerum?

193 1118 252 1158 nae
275 1093 348 1176 tu,l
376 1098 479 1157 Claudi
501 1099 642 1172 Maxime,
670 1099 758 1157 nimis
781 1100 898 1173 patiens
921 1099 969 1156 uir
991 1117 1021 1158 es
1045 1101 1076 1158 et
1097 1099 1206 1174 oppido
1220 1114 1235 1154 r.
1251 1117 1299 1156 10⁸.

194 1189 315 1264 proiice
337 1187 531 1261 humanitate,
555 1188 607 1263 qui
628 1187 715 1246 hasce
738 1207 839 1246 eorum
863 1188 1132 1264 argumentationes
1155 1188 1207 1245 diu

194 1277 294 1336 hercle
326 1294 481 1353 perpessus
513 1277 562 1335 sis.
609 1275 744 1351 equidem
776 1295 843 1335 cum
874 1276 946 1335 haec
974 1276 1010 1335 ab
1037 1276 1098 1335 illis
1121 1278 1206 1351 quasi

194 1367 302 1442 mnia
325 1368 355 1424 et
376 1364 530 1424 uincibilia
552 1364 727 1439 dicerentur,
749 1365 869 1428 illorum
888 1366 1048 1425 stultitiam
1065 1364 1206 1438 ridebam,

193 1458 280 1514 tuam
302 1454 479 1529 patientiam
501 1453 639 1512 mirabar.

242 1541 378 1601 Ceterum
397 1562 485 1617 quam
504 1541 541 1601 ob
559 1562 621 1600 rem
634 1542 777 1618 plurimos
795 1543 857 1600 iam
869 1543 959 1618 piscis
969 1544 1166 1620 cognouerim,
1187 1541 1314 1600 XXXVI

197 1631 383 1706 quonmdam
406 1631 501 1690 adhuc
522 1633 637 1690 nescius
667 1649 730 1691 esse
758 1631 866 1706 nolim,
895 1631 991 1692 discat
1012 1631 1205 1706 Aemilianus,
1311 1698 1314 1702 Α

196 1721 337 1795 quoniam
368 1739 461 1795 usque
493 1719 565 1778 adeo
597 1720 683 1779 rebus
715 1721 788 1779 meis
819 1723 911 1779 curat
964 1739 1133 1796 quanquam
1162 1724 1207 1780 est

194 1810 257 1867 iam
274 1809 434 1885 praecipiti
452 1827 524 1867 aeuo
544 1811 574 1867 et
592 1809 712 1868 occidua
731 1811 890 1882 senectute,
907 1811 1018 1882 tamen,
1036 1811 1062 1868 si
1080 1809 1207 1885 uidetur,

196 1898 325 1972 accipiat
347 1897 511 1975 doctrinam
538 1915 634 1956 seram
659 1898 748 1974 plane
776 1900 806 1957 et
831 1900 1007 1973 postumam.
1052 1897 1136 1973 legat
1156 1917 1205 1957 ue-

194 1989 294 2044 terum
322 1986 566 2062 philosophorum
593 1988 796 2060 monumenta,
830 1985 951 2044 tandem
979 1987 1015 2042 ut
1042 1986 1206 2061 intellegat,

195 2095 255 2134 non
279 2095 326 2133 me
347 2077 476 2151 primum
498 2075 569 2134 haec
592 2076 759 2151 requisisse,
789 2073 840 2133 sed
862 2073 1057 2150 iampridem
1079 2075 1205 2132 maiores

194 2184 291 2239 meos,
319 2164 502 2225 Aristotelen
523 2164 590 2223 dico
617 2168 647 2222 et
670 2163 906 2238 Theophrastum
935 2165 965 2221 et
988 2162 1151 2221 Eudemum
1175 2166 1208 2222 et

187 2252 348 2329 ‚Lyconem
370 2256 539 2328 ceterosque
563 2252 698 2312 Platonis
720 2253 857 2325 minores,
881 2252 932 2326 qui
953 2252 1096 2327 plurimos
1114 2251 1206 2311 libros

197 2342 233 2401 de
256 2343 360 2419 genitu
383 2342 556 2400 animalium
578 2340 672 2417 deque
699 2342 782 2400 uictu
809 2340 903 2416 deque
929 2340 1085 2415 particulis
1113 2339 1206 2415 deque

197 2432 279 2489 omni
301 2431 466 2490 differentia
488 2431 679 2505 reliquerunt.
714 2430 788 2488 bene
812 2429 890 2505 quod
913 2430 991 2504 apud
1009 2432 1048 2504 te,
1070 2429 1207 2504 Maxime,

196 2538 286 2579 causa
309 2521 422 2596 agitur,
445 2521 496 2595 qui
518 2539 572 2595 pro
594 2521 648 2578 tua
671 2519 835 2578 eruditione
857 2520 959 2595 legisti
984 2519 1116 2594 profecto
1138 2518 1206 2576 An·-

197 2608 314 2667 stotelis
345 2604 412 2687 περὶ
444 2604 538 2690 §gimo
558 2604 710 2687 γενέσεως,
742 2604 808 2686 περὶ
840 2603 923 2689 ζῴων
947 2603 1110 2685 ἀνατομῆς,
1140 2604 1206 2686 περὶ

197 2692 282 2778 ζῴων
308 2696 437 2776 ἱστορίας
462 2697 623 2773 multiiuga
649 2697 817 2770 uolumina,
842 2699 995 2772 praeterea
1021 2696 1206 2772 problemata

197 2786 352 2843 innumera
374 2780 482 2863 (mm)
505 2785 643 2859 eiusdem,
665 2788 730 2845 tum
753 2805 789 2844 ex
811 2785 913 2843 eadem
935 2787 1016 2844 secta
1033 2788 1205 2858 ceterorum,

269 2995 304 3041 24
323 2988 482 3043 Aristotelis
501 2988 599 3058 fragm.
620 2950 663 3041 ed.
682 2988 756 3042 Rosa
773 3006 800 3056 p.
821 2994 873 3042 2⁷7
892 2991 921 3042 et
940 2993 998 3043 ulo.

220 3185 222 3188 ’
269 3172 286 3218 3
314 3165 487 3235 suspiciones
515 3166 565 3235 Pp
603 3169 609 3234 Ι
646 3165 774 3219 uenerias
802 3165 852 3235 Fp
958 3170 975 3219 ὃ
1004 3164 1124 3217 calculos
1157 3164 1206 3232 Ilp

199 3252 370 3357 oquercerd
387 3291 436 3360 Γφ
456 3306 616 3359 querceram
635 3290 687 3344 Kr.
761 3290 860 3361 lnce]
879 3306 915 3344 ne
933 3289 982 3358 Pp
1063 3287 1206 3355 8prolixa

200 3361 316 3417 Oasaub
335 3362 462 3431 proxima
480 3362 529 3431 Frp
638 3366 670 3414 12
688 3360 776 3429 piscis
794 3360 972 3429 cognouerim
991 3358 1165 3426 quorundam
1183 3359 1204 3411 F

198 3432 284 3501 piscis
316 3432 519 3487 nominauerim
555 3432 734 3502 cognouerim
766 3452 788 3500 φ
901 3436 934 3485 16
965 3432 1126 3499 postumum
1157 3430 1206 3499 Ρφ

200 3509 232 3557 17
250 3503 402 3573 intellegat
419 3504 440 3556 F
458 3502 602 3573 intelligat
620 3524 642 3572 φ
715 3508 747 3556 19
767 3501 931 3557 aristotelen
949 3502 970 3554 F
989 3500 1146 3556 aristotilen
1161 3504 1203 3573 (pl

281 3578 297 3615 n

199 3599 393 3696 theoprastum
414 3627 577 3682 teudemum
594 3627 644 3696 Pp
732 3631 768 3679 20
791 3626 924 3681 hiconem
939 3625 990 3694 Xe
1079 3625 1221 3675 ἋἮΧ

199 3700 306 3758 zoom
327 3702 344 3752 Γ
346 3700 408 3753 ΕΝΕ
445 3698 516 3753 fell]
544 3699 624 3767 ΠΕΡΙ
648 3697 833 3757 locutus
845 3697 990 3754 nomeu
1002 3694 1100 3753 sisoi
1116 3688 1244 3741 lim&

194 3767 339 3823 lcroPIdc
351 3769 378 3821 F
436 3787 501 3827 aera
514 3771 548 3827 in
560 3789 615 3846 mp.
631 3790 667 3829 m.
683 3773 791 3831 receati
810 3778 880 3830 suut
899 3768 1028 3841 repetitu
1078 3763 1122 3813 ‘ts
1141 3746 1263 3823 <mh
