3042 4300
260 333 302 400 38
535 333 565 386 L
585 331 717 385 APVLEI
735 330 994 385 MADAVRENSIS

187 443 330 560 11⁰¹'diiii
362 501 486 579 largiter
516 518 610 576 aquae
640 501 787 601 superest,
822 497 905 574 cedo,
935 495 961 558 si
990 495 1121 573 uidetur,
1151 437 1269 576 sinpda

262 590 485 650 consideremus.
522 592 611 666 atque
630 609 684 668 ego
699 590 799 650 omnia
817 589 932 647 obiecta
954 607 1005 648 seu
1029 607 1100 646 uera
1122 606 1174 646 seu
1190 588 1269 646 falsa

262 682 340 754 sunt,
362 699 421 737 non
442 680 566 756 negabo,
589 678 639 738 sed
661 677 784 755 perinde
807 680 896 752 atque
919 678 945 736 si
967 679 1048 736 facta
1066 678 1127 736 sint
1144 677 1269 750 fatebor,
1349 694 1351 699 ·

252 771 295 827 ut
317 769 412 826 omnis
434 767 493 828 ista
511 767 680 841 multitudo,
701 785 778 842 quae
796 766 925 841 plurima
943 765 1072 840 undique
1091 765 1129 824 ad
1148 765 1268 824 audien·
1282 779 1328 831 (coel

262 858 331 915 dum
354 859 504 932 conuenit,
527 859 629 932 aperte
651 857 821 932 intellegat,
843 854 949 912 nihil
941 876 973 913 m
995 854 1186 931 philosophos
1210 871 1276 913 non
1294 871 1305 914 1

261 946 349 1005 modo
371 965 440 1004 uere
463 946 530 1020 dici,
553 943 604 1003 sed
626 964 663 1002 111
684 946 761 1004 falso
786 944 903 1019 quidem
926 962 1011 1020 posse
1029 943 1167 1020 confingi,
1190 942 1269 1018 quod

260 1054 319 1094 non
345 1054 380 1093 ex
401 1035 587 1093 innocentiae
609 1033 730 1109 fiducia,
753 1034 889 1108 quamuis
912 1033 1001 1091 liceat
1024 1049 1145 1109 negare,
1167 1033 1269 1090 11111111

259 1125 360 1199 potius
378 1123 509 1182 habeant
526 1118 689 1181 defendere.
724 1123 855 1198 primum
872 1122 964 1197 igitur
979 1123 1154 1198 argumenta
1168 1139 1269 1180 eorum

257 1213 391 1285 ‘refutato
424 1230 458 1270 ac
488 1213 671 1286 1111111111,
702 1211 778 1269 nihil
810 1229 845 1269 ea
877 1210 915 1268 ad
941 1211 1072 1287 magiam
1106 1209 1269 1286 pertinere:
1331 1250 1333 1254 -

252 1299 330 1360 dein
352 1301 409 1359 etsi
434 1301 561 1358 maxime
588 1317 693 1377 magus
721 1301 831 1374 forem,
860 1301 960 1357 tamen
990 1298 1144 1358 ostendam
1174 1317 1268 1374 neque
1282 1317 1306 1356 ιο

261 1407 382 1448 causam
403 1390 496 1447 ullam
518 1407 612 1464 neque
635 1389 819 1448 occasionem
841 1389 945 1462 fuisse,
974 1390 1008 1446 ut
1034 1407 1081 1446 me
1108 1387 1140 1444 in
1169 1388 1268 1462 aliquo

261 1477 405 1536 maleficio
429 1479 637 1552 experirentur.
682 1478 725 1535 ibi
748 1478 839 1536 etiam
866 1477 901 1534 de
929 1477 1005 1535 falso
1031 1475 1147 1534 inuidia
1174 1475 1268 1550 deque

260 1566 398 1642 epistulis
420 1564 551 1624 mulieris
575 1585 730 1642 perperam
751 1566 836 1625 lectis
859 1568 890 1624 et
916 1566 1040 1640 nequius
1063 1566 1267 1641 interpretatis

260 1653 355 1728 deque
377 1655 566 1713 matrimonio
588 1673 653 1713 11111
677 1673 711 1713 ac
733 1653 920 1713 Pudentillae
943 1655 1114 1730 disputabo,
1137 1655 1226 1730 idque
1250 1672 1268 1713 a

261 1761 308 1801 me
340 1745 507 1818 susceptum
539 1743 628 1802 officii
664 1745 763 1820 gratia
797 1763 886 1818 quam
920 1744 994 1801 lucri
1030 1761 1118 1802 causa
1150 1743 1268 1802 docebo.
1283 1759 1307 1802 ns

262 1830 340 1906 quod
363 1832 482 1906 quidem
508 1833 730 1892 matrimonium
757 1834 892 1892 nostrum
921 1832 1088 1891 Aemiliano
1116 1832 1186 1889 huic
1214 1832 1332 1897 11111111)

260 1940 347 1979 mane
371 1923 481 1995 quanto
505 1922 608 1999 angori
631 1923 818 1998 quantaeque
841 1921 970 1980 diuidiae
992 1921 1063 1979 fuit:
1085 1920 1154 1979 inde
1173 1921 1351 1984 omnisonae

260 2009 381 2069 huiusce
409 2011 603 2070 accusationis
633 2010 785 2070 obeundae
818 2011 863 2068 ira
894 2011 925 2069 et
959 2010 1056 2069 rabies
1084 2011 1114 2068 et
1143 2010 1269 2085 denique

263 2099 380 2158 insania
411 2102 513 2159 exorta
545 2102 598 2160 est.
653 2119 728 2176 quae
760 2100 786 2159 si
817 2099 917 2159 omnia
948 2099 1048 2176 palem
1080 2100 1110 2157 et
1141 2098 1269 2158 dilucide
1323 2132 1324 2136 =

264 2189 426 2264 ostendero,
447 2192 518 2248 tunc
541 2189 667 2264 denique
689 2192 729 2263 te,
753 2188 859 2248 Claudi
881 2189 1017 2263 Maxime,
1044 2190 1076 2246 et
1098 2189 1193 2247 omnis
1215 2189 1307 2263 quiec

263 2276 371 2335 adsunt
385 2278 579 2352 contestabor,
596 2272 607 2355 ΙΙ
623 2297 748 2353 puerum
765 2279 851 2335 illum
866 2276 1009 2335 Sicinium
1026 2276 1191 2335 Pudentem
1208 2278 1268 2378 pri-

261 2366 385 2441 dignum
406 2384 518 2440 meum,
547 2366 629 2424 cuius
659 2367 782 2425 obtentu
805 2369 835 2424 et
856 2366 1011 2425 uoluntate
1035 2384 1053 2424 a
1074 2368 1182 2441 patruo
1207 2367 1269 2425 eius

262 2471 395 2528 accusor,
417 2455 584 2529 nuperrime
607 2472 694 2512 curae
716 2473 799 2512 meae
822 2456 969 2529 ereptum,
995 2457 1155 2530 postquam
1176 2456 1270 2513 trater

261 2540 324 2599 eius
344 2533 349 2620 Ι
368 2499 532 2601 Pontianus
555 2545 586 2601 et
614 2546 688 2601 natu
716 2543 812 2601 maior
841 2544 872 2600 et
898 2543 1028 2612 moribus
1057 2543 1161 2602 melier
1191 2534 1270 2602 diem

261 2648 348 2687 suum
374 2631 461 2706 obiit,
492 2634 582 2706 atque
611 2631 694 2689 ita'
685 2650 718 2689 1n
748 2642 796 2689 me
826 2649 860 2689 ac
888 2634 1014 2690 matrem
1041 2649 1128 2691 suam
1155 2632 1279 2691 nefarie
1283 2649 1308 2691 11

261 2718 427 2793 efferatum,
455 2738 515 2779 non
537 2740 603 2779 mea
631 2720 731 2795 culpa,
760 2720 883 2779 desertis
910 2720 1082 2779 liberalibus
1105 2720 1210 2779 studiis
1234 2738 1269 2779 ac

259 2807 417 2882 repudiata
440 2809 519 2867 omni
542 2808 711 2883 disciplina,
732 2810 865 2868 scelestis
888 2809 1083 2868 accusationis
1109 2809 1268 2868 1111111111-

260 2895 399 2955 dimeutis
429 2899 537 2973 patruo
559 2897 727 2956 Aemiliano
755 2898 855 2973 potius
884 2916 976 2973 quam
1005 2898 1091 2956 tratri
1120 2897 1269 2957 Pontiano

261 2984 389 3044 similem
409 2986 551 3045 flitmum.

183 3072 252 3131 XIX
327 3075 428 3150 Nunc,
465 3078 499 3133 ut
534 3074 668 3149 institui,
703 3074 872 3150 proficiscar
909 3073 946 3132 ad
978 3074 1077 3133 omnia
1108 3074 1269 3133 Aemiliani
1283 3094 1309 3134 so

333 3295 493 3365 llargitqi
570 3298 742 3380 tatqugp
833 3294 1061 3378 cintellegatF
1083 3294 1177 3350 intelli
1198 3298 1268 3366 etp

261 3369 277 3419 9
295 3364 425 3422 refutabo
444 3383 478 3420 ac
496 3367 661 3422 conuincam
679 3368 777 3437 scripsi
795 3366 959 3421 conuincam
977 3382 1011 3420 ac
1033 3366 1163 3421 refutabo
1178 3314 1268 3436 d*

259 3436 374 3505 magian
393 3437 415 3491 P
432 3438 581 3509 magia³p
664 3444 696 3491 12
716 3437 909 3506 experirentur
922 3437 995 3492 eccl*
1002 3437 1132 3507 plfalsa
1150 3438 1268 3492 01111111

259 3506 332 3561 falso
350 3508 399 3577 Ftp
477 3515 509 3562 13
529 3509 599 3584 {pti
614 3510 635 3562 F
651 3508 757 3578 eplisp
840 3513 872 3561 17
892 3508 1018 3562 diuidiae
1036 3508 1058 3563 F
1077 3508 1269 3579 [inuidiaejp

259 3632 293 3685 ies
304 3648 364 3687 rue
447 3591 934 3702 20⁰clandip21adsuntp
1017 3637 1051 3685 23
1071 3635 1201 3740 eruptum
1220 3633 1269 3700 Pp

261 3707 295 3756 26
312 3702 410 3757 effera·
412 3705 512 3758 tuml'
