3042 4300
266 368 330 421 VIII
666 367 871 422 PRAEFATIO

268 538 368 596 Editio
402 556 492 611 quam
524 537 640 595 curauit
672 537 814 611 Bosscha,
847 540 876 594 et
909 555 943 595 ea
976 536 1142 596 continetur
1174 538 1232 596 vol.
1246 538 1277 594 H

357 626 494 684 editionis
508 624 715 701 Oudendorpio
726 656 768 666 -
780 626 1034 684 Ruhnkehnianae
1050 645 1116 684 cum
1131 645 1275 684 commen-

356 716 432 774 tario
464 715 580 773 Pricaei
610 715 642 771 in
674 714 866 791 Apologiam,
898 716 951 790 qui
983 717 1064 772 extat
1095 716 1127 772 in
1155 717 1211 774 vol.
1230 716 1277 772 ΠΙ

357 803 487 862 eiusdem
508 804 586 861 libri.

269 893 422 951 Editiones
444 891 700 950 Hildebrundiana
723 894 753 950 et
775 891 985 969 Kruegeriana.

268 982 316 1040 Fr.
354 983 458 1057 Beyte.
518 980 710 1049 Quaestiones
746 980 960 1056 Appuleianae.
1020 982 1139 1057 Lipsiae
1184 984 1278 1056 1888,

356 1092 384 1146 p.
409 1071 550 1144 40-48,
575 1071 625 1127 66.
867 1086 869 1090 ⁴

268 1160 315 1221 Fr.
354 1160 490 1220 Gatsoha.
550 1157 762 1226 Quaestionum
798 1158 1033 1234 Apuleianarum
1074 1161 1174 1235 capita
1210 1161 1277 1233 tria,

356 1248 550 1307 Vindobonae
576 1249 670 1305 1899.

268 1338 303 1395 A.
333 1336 523 1395 Goldbacher.
570 1337 615 1393 De
645 1335 677 1393 L.
706 1336 816 1411 Apulei
847 1336 1050 1396 Madaurensis
1083 1337 1278 1409 Floridorum,

358 1444 434 1501 quae
462 1425 612 1499 dIcuntur,
644 1425 756 1502 origine
786 1428 815 1484 et
842 1425 878 1482 de
910 1426 982 1484 Iocis
1010 1425 1187 1502 quibusdam
1217 1446 1278 1484 cor-

358 1515 463 1590 ruptis.
508 1514 629 1589 Lipsiae
655 1515 748 1572 1867.

269 1604 360 1661 idem.
395 1603 564 1662 zeitschrift
577 1604 626 1660 fiir
639 1603 687 1659 die
702 1602 987 1662 Oesterreichischen
1003 1603 1181 1679 Gymnasien
1194 1605 1277 1662 1867

358 1713 387 1767 p.
413 1693 552 1765 35—43,
577 1692 750 1750 556-576
777 1696 807 1751 et
832 1693 915 1751 1868
940 1713 968 1768 p.
993 1694 1176 1751 803-818.

270 1781 361 1839 idem.
402 1780 512 1856 Apulei
534 1780 737 1840 Madaurensis
766 1783 907 1857 opuscula
931 1801 1006 1856 quae
1030 1784 1099 1841 sunt
1127 1782 1162 1838 de
1185 1782 1279 1856 philo-

360 1871 472 1945 sophia.
518 1869 712 1929 Vindobonae
738 1872 831 1929 1876.

270 1960 308 2018 M.
334 1959 445 2034 Haupt.
492 1958 642 2034 Opuscula
664 1959 711 2016 III
735 1961 807 2017 326.
833 1961 906 2016 327.

272 2048 382 2106 Theod.
405 2048 527 2107 Jeltsoh.
574 2047 619 2106 De
641 2048 752 2125 Apulei
774 2047 909 2106 Floridis.
955 2047 1079 2105 Breslau
1106 2048 1198 2104 1867.

271 2138 305 2195 R.
329 2137 519 2197 Klussmann.
567 2136 661 2197 Curae
684 2137 843 2196 Africanae
866 2158 894 2212 p.
921 2138 947 2195 7.
996 2135 1072 2195 Gera
1097 2136 1191 2197 1883.

271 2227 308 2285 Η.
341 2227 453 2286 Koziol.
510 2229 567 2284 Zur
603 2227 703 2285 KrItik
739 2227 800 2284 und
837 2227 1005 2303 erltrung
1041 2226 1092 2284 des
1127 2226 1280 2301 Apuleius.

359 2315 461 2392 Progr.
486 2316 536 2373 des
560 2315 806 2390 Leopoldstadter
831 2315 1046 2390 Gymnasiums.
1087 2315 1170 2372 Wien
1188 2316 1281 2387 1869,

272 2493 356 2550 Idem
377 2491 496 2550 ibidem.
541 2492 642 2569 Progr.
669 2493 763 2550 1870.

272 2582 363 2639 Idem.
403 2582 461 2638 Zur
482 2580 583 2638 Kritik
611 2579 671 2638 und
694 2580 863 2657 Erkldrung
890 2579 942 2638 der
963 2580 1114 2637 kleineren
1134 2578 1282 2637 Schriften

363 2670 412 2727 des
436 2669 468 2727 L.
493 2669 647 2745 Apuleius.
693 2669 781 2726 Wien
808 2671 902 2743 1872,
924 2690 953 2746 p.
979 2670 1006 2727 2.
1028 2670 1055 2727 3.
1078 2670 1214 2727 11—33.

273 2760 309 2818 A.
333 2760 360 2816 J.
384 2758 585 2835 Kronenberg.
630 2758 679 2816 Ad
709 2757 871 2834 Apuleium
902 2758 1134 2816 Madaurensem.
1180 2757 1282 2834 Progr.

364 2847 518 2923 Gymnasii
548 2847 724 2905 Erasmiani.
772 2846 964 2905 Roterodami
994 2848 1088 2920 1892,
1111 2867 1140 2921 p.
1166 2848 1282 2905 3—13.

273 2938 307 2994 B.
330 2936 450 2994 Kiibler.
496 2936 607 2995 Archiv
629 2936 649 2992 f.
673 2935 706 2994 L.
729 2935 762 2993 L.
786 2956 813 2993 v.
837 2936 921 3009 VIII,
943 2956 972 3011 p.
998 2937 1069 2993 137.

276 3025 341 3084 our.
372 3025 550 3101 Lfitjohann.
601 3025 710 3100 Apulei
738 3024 773 3081 de
802 3025 855 3083 deo
887 3023 1016 3083 Socratis
1045 3023 1128 3081 liber.
1176 3023 1283 3081 (111111-

364 3115 444 3172 wald
469 3115 562 3173 1878.

274 3203 311 3261 Η.
341 3203 456 3261 Miiller.
503 3203 606 3260 Rhein.
639 3203 713 3260 Mus.
748 3204 843 3275 1867,
875 3202 933 3261 vol.
963 3204 1018 3275 22,
1050 3222 1078 3276 p.
1103 3203 1176 3259 463.
1207 3203 1283 3273 6453

365 3293 460 3363 1868,
483 3292 541 3350 vol.
566 3293 617 3365 23,
639 3312 667 3366 p.
692 3292 765 3349 445.

274 3381 302 3439 J.
326 3380 354 3438 J.
378 3379 439 3439 Ott.
484 3380 567 3438 Neue
590 3380 693 3439 Jahrb.
716 3381 736 3438 f.
760 3380 837 3438 Phil.
863 3380 995 3453 115,67.

274 3470 358 3527 Idem
380 3469 491 3527 ibidem
515 3470 610 3544 1885,
633 3470 691 3528 vol.
715 3472 767 3543 40,
789 3490 818 3544 p.
840 3470 1022 3528 108-113.

274 3558 311 3616 Η.
335 3559 461 3616 Rdnsch.
507 3558 611 3616 Rhein.
634 3558 709 3619 Mus.
736 3559 831 3632 1876,
854 3558 910 3617 vol.
936 3560 987 3631 31,
1010 3578 1038 3633 p.
1065 3558 1136 3615 148.

276 3647 309 3705 Ο.
333 3647 493 3705 Rossbach.
541 3650 582 3705 Zu
612 3646 756 3722 Apuleius
787 3646 823 3704 de
853 3648 960 3723 megla.
1007 3646 1117 3704 Berlin.
1141 3644 1285 3702 Woohen-

347 3735 460 3791 schrift
482 3738 582 3794 1897.
608 3738 660 3795 22.
686 3737 758 3813 Mai,
785 3739 837 3796 17.
860 3735 931 3814 Jhg.
950 3736 1008 3794 111.
1029 3737 1084 3792 21.
