3042 4300
647 393 832 450 APOLOGIA
1205 393 1247 459 57

187 502 287 545 bucano.
1173 506 1188 544 f.
1204 505 1263 546 1131),
1279 505 1293 544 f.
1310 505 1339 545 111

234 569 281 624 est
302 566 479 624 immortalis
504 566 616 624 scilicet
640 568 670 624 et
693 565 809 639 diuina,
838 568 926 640 atque
949 567 994 623 ita
1016 566 1100 623 uelut
1123 566 1251 640 quodam

234 674 340 729 sopore
369 656 471 712 fatum
499 674 598 713 rerum
627 673 813 731 praesagere.
859 673 963 712 uerum
993 656 1155 728 enimuero,
1185 658 1252 712 utut

234 745 294 802 ista
317 763 381 803 sese
403 744 523 818 habent,
546 744 572 801 si
596 763 654 818 que
676 743 748 802 fides
772 744 851 802 hisce
874 744 962 802 rebus
981 743 1178 818 impertienda
1197 747 1250 818 est,

188 857 191 862 ·
235 832 323 891 debet
342 834 393 890 ille
412 834 510 892 nescio
530 834 582 907 qui
599 853 673 907 puer
691 833 847 908 prouidus,
871 827 881 911 ll
907 835 1052 907 quantum
1075 851 1129 908 ego
1153 833 1250 906 audio,

209 925 267 981 set
290 940 411 998 corpore
435 922 556 981 decorus
586 924 675 997 atque
704 923 821 998 integer
849 921 941 998 deligi
972 923 1001 979 et
1024 922 1122 979 animo
1147 922 1249 979 sollers

235 1014 266 1069 et
289 1031 339 1070 ore
362 1011 516 1084 facundus,
538 1013 573 1068 ut
595 1012 628 1068 in
650 1030 685 1069 eo
709 1013 761 1068 aut
784 1011 886 1068 diuina
909 1012 1042 1085 potestas
1063 1011 1148 1084 quasi
1165 1011 1251 1069 bonis

235 1100 357 1158 aedibus
381 1100 469 1177 digna
492 1100 666 1173 diuersetur,
689 1100 715 1157 si
737 1103 839 1158 tamen
862 1119 896 1157 ea
915 1101 1001 1174 pueri
1018 1118 1139 1175 corpore
1158 1099 1251 1157 inclu-

187 1205 221 1257 so)
236 1189 331 1263 ditm,
365 1208 403 1247 an
434 1191 498 1264 ipse
531 1189 646 1247 animus
680 1190 849 1265 expergitus
881 1191 940 1247 cito
971 1188 1008 1246 ad
1036 1187 1251 1247 diuinationem

236 1297 322 1336 suam
344 1278 506 1355 redigatur,
530 1296 605 1352 quae
629 1279 657 1335 ei
679 1281 816 1353 prompte
839 1279 931 1336 insita
951 1281 980 1335 et
998 1277 1081 1335 nulla
1101 1277 1249 1335 obliuione

195 1388 221 1426 ro
236 1368 338 1425 saucia
370 1369 400 1425 et
430 1367 519 1425 hebes
551 1368 639 1426 facile
671 1369 847 1425 resumatur.
900 1386 959 1425 non
992 1368 1071 1424 enim
1103 1386 1138 1424 ex
1170 1368 1250 1424 omni

235 1457 335 1532 ligno,
366 1459 401 1513 ut
429 1457 617 1532 Pythagoras
649 1455 780 1531 dicebat,
815 1456 902 1515 debet
930 1456 1092 1514 Mercurius
1128 1455 1251 1530 exculpi.

237 1545 316 1620 quod
340 1546 365 1603 si
387 1547 433 1603 ita
456 1549 509 1619 est,
532 1547 693 1618 nominate,
717 1546 783 1620 quis
805 1546 857 1604 ille
880 1546 972 1603 fuerit
994 1564 1067 1620 puer
1086 1563 1184 1620 sanus,
1207 1546 1251 1602 in-

236 1634 375 1708 columis,
398 1636 581 1710 ingeniosus,
604 1634 740 1708 decoruS,
771 1654 858 1709 quem
881 1654 936 1712 ego
959 1636 1088 1693 carmine
1112 1633 1251 1710 dignatus

236 1724 294 1782 sim
321 1724 450 1782 initiare.
496 1725 625 1782 ceterum
649 1722 788 1797 Thallus,
812 1743 899 1798 quern
922 1725 1115 1797 nominastiS,
1138 1722 1251 1782 medico

195 1831 222 1872 16
236 1813 337 1888 potius
361 1832 451 1887 quam
473 1832 561 1890 mago
583 1812 707 1889 indiget.
753 1814 799 1871 est
822 1815 900 1871 enim
925 1814 1015 1871 miser
1037 1813 1139 1870 morbo
1163 1814 1251 1871 comi-

236 1901 306 1959 tiali
336 1903 382 1961 ita
414 1902 579 1975 confectus,
609 1903 644 1958 ut
672 1905 719 1959 ter
748 1921 786 1958 an
817 1905 922 1976 quater
950 1901 996 1958 die
1021 1920 1108 1976 saepe
1131 1920 1252 1958 numero

236 1991 300 2048 sine
333 1990 403 2048 ollis
437 1991 654 2049 cantaminibus
686 1992 804 2048 corruat
838 1991 994 2064 omniaque
1026 1989 1158 2047 membra
1185 2008 1251 2046 oon-

187 2097 223 2142 oo)
236 2079 450 2138 dictationibus
474 2079 625 2153 debilitet,
647 2080 723 2136 facie
746 2078 912 2154 ulcerosus,
938 2080 1036 2136 fronte
1060 2080 1090 2135 et
1113 2079 1252 2152 occipitio

237 2170 463 2244 conquassatus
486 2170 579 2228 oculis
602 2169 699 2242 hebes,
722 2169 843 2227 naribus
866 2168 990 2241 hiulcuS,
1017 2167 1141 2242 pedibus
1165 2166 1252 2225 oadu-

194 2279 224 2319 ac
237 2276 298 2317 cua.
345 2259 490 2316 maximus
514 2259 645 2317 omniurn
667 2275 773 2333 magus
797 2261 851 2332 est,
875 2277 932 2332 quo
955 2260 1110 2332 praesente
1129 2255 1252 2314 Thallus

237 2347 289 2405 diu
313 2349 443 2406 steterit:
469 2349 514 2405 ita
536 2347 710 2421 plerumque
732 2345 836 2405 morbo
859 2365 912 2405 ceu
935 2365 1037 2405 somno
1060 2363 1185 2421 uergens
1208 2347 1252 2402 in-

237 2436 375 2495 clinatur.
422 2456 489 2495 eum
511 2438 611 2494 tamen
633 2454 687 2494 uos
710 2436 889 2494 carminibus
912 2437 985 2494 meis
1009 2435 1182 2494 subuersum
1206 2432 1339 2492 ‹ij-XLI*

236 2526 338 2599 xistis,
362 2525 440 2599 quod
462 2526 539 2584 forte
562 2545 609 2583 me
632 2544 731 2583 coram
754 2525 845 2584 semel
868 2525 985 2583 decidit.
1032 2524 1166 2583 conserui
1190 2525 1251 2583 eius

237 2615 373 2690 plerique
393 2614 509 2688 adsunt,
528 2633 601 2689 quos
621 2613 751 2673 exhiberi
770 2615 975 2673 denuntiastis.
1013 2615 1138 2690 possunt
1157 2613 1252 2671 dicere

195 2722 223 2763 as
239 2721 357 2777 omneS,
381 2702 452 2778 quid
474 2705 506 2761 in
530 2703 636 2762 Thallo
659 2704 821 2779 despuant,
848 2722 900 2762 cur
923 2723 1008 2761 nemo
1030 2699 1033 2780 l
1055 2703 1163 2760 audeat
1186 2721 1253 2760 cum
1268 2717 1283 2756 f.
1299 2719 1339 2757 12⁸

239 2811 273 2851 co
298 2811 333 2850 ex
356 2791 458 2850 eodem
480 2794 579 2850 catino
602 2811 716 2866 cenare,
739 2793 842 2851 eodem
864 2793 970 2867 poculo
988 2792 1096 2850 bibere.
1134 2790 1254 2865 etquid

239 2900 294 2957 ego
315 2880 349 2937 de
369 2879 482 2939 seruis?
506 2882 645 2955 nosipsi,
669 2881 841 2955 claudetis,
862 2884 968 2957 negate
988 2881 1135 2953 Thallum,
1158 2879 1253 2937 multo

238 2972 322 3046 prius
342 2989 431 3044 quam
450 2988 504 3047 ego
519 2969 611 3029 Oeam
629 2971 770 3044 uenirem,
793 2989 927 3029 corruere
947 2989 980 3028 eo
999 2970 1101 3029 morbo
1124 2969 1254 3039 solitum,

269 3156 276 3171 '
313 3180 346 3228 10
365 3174 463 3228 Iamba
483 3175 518 3228 de
536 3174 598 3229 uita
617 3173 736 3243 Pythag.
757 3190 779 3228 c.
800 3179 834 3225 34
853 3175 889 3241 (p.
910 3180 961 3227 sao
980 3173 1099 3242 messi).

400 3337 434 3353 Ν

314 3352 421 3455 lquab
440 3387 606 3442 immortalis
625 3388 647 3441 F
666 3390 717 3457 (ἶ
736 3388 800 3442 acc.
819 3405 853 3441 m.
875 3390 900 3456 1)
931 3390 934 3456 l
963 3387 1082 3440 uelutF
1156 3390 1255 3443 aucus

242 3458 317 3513 Colo.
346 3462 379 3513 ut
406 3461 455 3528 Tq
552 3464 568 3513 8
601 3475 638 3512 an
665 3459 686 3511 T
715 3460 766 3512 aut
788 3479 810 3528 φ
837 3457 1100 3570 laardiumlmem]
1129 3456 1255 3510 diuinam

828 3555 837 3579 ι
887 3554 896 3579 s

242 3587 374 3637 naturam
393 3584 510 3639 Casacb.
584 3584 760 3695 trediglptur
776 3583 798 3635 F
817 3582 956 3652 dirigatur
975 3602 996 3650 φ
1070 3587 1101 3635 21
1123 3584 1185 3653 ceu]
1205 3599 1255 3635 seu

244 3708 358 3765 Ooaaub.
436 3715 471 3763 24
491 3707 597 3766 exiberi
615 3708 638 3763 T
659 3680 812 3781 ediberiq
894 3712 934 3761 ‘tt
950 3705 1056 3775 oilla
1120 3708 1163 3754 ‘aa
1181 3711 1292 3750 cama

233 3779 283 3845 Fa
356 3780 435 3833 27³1·
453 3781 571 3837 audetis
590 3782 679 3841 Salm.
700 3782 817 3841 uidetis
831 3783 890 3852 Tq
1011 3803 1012 3807 ¹
