3042 4300
655 427 812 483 FLORIDA
1177 427 1238 491 165

188 537 287 579 hdend.
1163 536 1179 575 1.
1194 537 1254 576 1871.
1267 538 1283 579 f.
1299 538 1310 578 1

232 599 365 658 effectius
389 599 574 675 cognouisse:
603 597 722 672 quidam
744 596 932 673 Pythagorae
956 615 1020 654 eam
1042 596 1117 655 falso
1142 597 1240 655 existi-

231 690 324 745 mant.
384 686 552 747 adulescens
594 690 638 746 est
677 686 800 746 uisenda
839 684 1071 761 pulchritudine,
1111 685 1240 744 crinibus

230 777 330 834 fronte
357 777 445 852 parili
473 778 611 852 separatu
645 795 699 851 per
727 776 822 833 malas
851 774 999 833 remulsis:
1035 792 1111 850 pone
1141 776 1241 832 autern

234 884 319 923 coma
340 865 483 939 prolixior
505 866 731 924 interlucentem
753 864 896 923 ceruicem
924 863 1112 939 scapularum
1134 861 1240 920 finibus

206 952 399 1013 sobumbrat
436 955 534 1013 ceruix
557 955 620 1013 suoi
641 954 739 1029 plena,
757 953 853 1011 malae
876 951 988 1026 uberes,
1011 970 1103 1028 genae
1125 953 1240 1024 teretes,

235 1045 267 1100 at
296 1042 393 1101 medio
425 1046 524 1102 mento
556 1042 728 1116 lacullatur,
760 1043 845 1116 eique
876 1058 995 1116 prorsus
1028 1039 1241 1098 citharoedicus

188 1146 217 1198 ss)
233 1133 342 1189 status:
365 1130 450 1190 deam
472 1132 663 1207 conspiciens,
690 1132 807 1189 canenti
831 1131 946 1204 similis,
968 1130 1100 1188 tunicam
1118 1129 1241 1204 picturis

232 1221 419 1296 uariegatam
446 1220 565 1279 deorsus
595 1220 633 1279 ad
659 1219 747 1294 pedes
781 1218 910 1278 deiectus
937 1219 1033 1294 ipsos,
1065 1217 1241 1276 Graecanico

232 1309 365 1385 cingulo,
400 1309 553 1385 chlamyde
590 1310 671 1367 uelat
707 1312 865 1383 utrumque
895 1306 1048 1366 brachium
1080 1305 1117 1364 ad
1149 1324 1241 1380 usque

188 1413 218 1463 ss)
234 1398 374 1456 articulos
419 1399 601 1474 palmarum:
651 1400 748 1456 cetera
789 1397 901 1456 decoris
945 1397 1025 1455 striis
1069 1394 1240 1470 dependent.

192 1508 219 1546 11
234 1486 349 1544 cithara
379 1485 478 1546 balteo
511 1487 625 1546 caelato
658 1489 729 1563 apta
766 1486 893 1545 strictim
927 1486 1101 1544 sustinetur:
1137 1501 1242 1542 manus

236 1576 298 1633 eius
322 1578 452 1649 tenerae,
481 1577 665 1651 procerulae:
694 1577 781 1634 laeua
808 1575 987 1634 distantibus
1010 1574 1113 1651 digitis
1135 1591 1242 1631 neruos

187 1680 219 1732 es)
233 1664 369 1738 molitur,
399 1664 502 1723 dextra
530 1665 685 1740 psallentis
712 1667 799 1740 gestu
826 1665 1016 1741 pulsabulum
1038 1663 1169 1722 citharae
1193 1661 1242 1719 ad-

233 1756 349 1828 mouet,
381 1772 433 1811 ceu
460 1756 566 1830 parata
588 1756 756 1828 percutere,
786 1772 853 1811 oum
879 1771 937 1811 uox
959 1754 991 1810 in
1015 1753 1128 1810 cantico
1151 1752 1241 1809 inter-

194 1862 219 1904 11
235 1842 363 1917 quieuit:
382 1842 461 1917 quod
479 1842 599 1901 interim
617 1844 764 1900 canticum
783 1840 901 1899 uidetur
920 1860 969 1898 ore
982 1841 1071 1898 tereti
1085 1839 1240 1898 semihian-

232 1930 313 1990 tibus
343 1932 375 1989 in
404 1932 511 1989 conatu
541 1930 657 1989 labellis
677 1923 681 2010 1
703 1930 842 2005 eliquare.
887 1948 991 1987 uerum
1020 1928 1092 1987 haec
1122 1927 1241 2003 quidem
1255 1946 1270 1987 r.
1286 1947 1310 1986 ss

234 2022 336 2078 statua
360 2023 422 2079 esto
440 2019 610 2095 :cmuspiam
641 2019 798 2095 puberum,
837 2019 902 2093 quis
932 2016 1083 2092 Polycrati
1114 2019 1242 2090 tyranno

187 2125 220 2177 ss)
236 2109 361 2168 dilectus
383 2104 537 2167 Anacreon
561 2109 649 2167 Teius
672 2107 820 2167 amicitiae
838 2104 936 2184 gratia
954 2105 1091 2165 cantilat:
1114 2107 1242 2163 ceterum

187 2193 335 2276 Kr.<non>
357 2199 482 2257 multum
508 2197 591 2257 abest
612 2197 800 2274 Pythagorae
827 2194 995 2273 philosophi
1019 2198 1149 2254 statuam
1172 2212 1242 2267 esse,

193 2309 219 2348 ao
234 2289 264 2346 et
286 2290 360 2345 natu
384 2287 500 2346 Samius
524 2290 554 2346 et
575 2286 795 2362 pulchritudine
818 2285 951 2361 adprime
973 2284 1097 2360 insignis
1117 2285 1146 2341 et
1163 2283 1242 2358 psal·

233 2376 314 2434 lendi
342 2376 528 2450 musicaeque
558 2376 653 2434 omnis
682 2377 777 2434 multo
807 2374 992 2433 doctissimus
1027 2392 1061 2431 ac
1090 2373 1181 2431 ferme
1210 2370 1241 2428 id

306 2549 339 2596 20
358 2544 498 2613 Apologia
516 2562 537 2598 c.
558 2551 583 2612 4,
601 2563 628 2614 p.
644 2551 669 2599 8.
680 2550 705 2612 A,
724 2550 776 2597 387
796 2544 837 2611 0,
856 2563 881 2613 p.
903 2548 954 2595 16
972 2543 1018 2596 Kr.

307 2691 320 2738 1
340 2686 522 2757 pittagorep
595 2694 610 2740 2
630 2686 795 2740 adulescens
813 2686 834 2737 F
854 2684 1016 2738 adolescens
1035 2706 1056 2754 φ
1080 2684 1084 2755 Ι
1106 2682 1241 2753 pulcritu-

235 2756 301 2810 dine
312 2778 333 2826 φ
388 2763 403 2809 3
414 2774 431 2810 a
442 2758 534 2812 fronte
546 2758 614 2813 Oud.
628 2758 632 2829 1
644 2756 772 2810 remulsis
783 2757 897 2811 Salmas.
912 2757 946 2822 cf.
962 2774 988 2825 p.
1006 2760 1063 2809 148.
1075 2761 1108 2808 22
1122 2752 1241 2807 reuulsis

233 2827 283 2896 Fp
339 2828 558 2883 blacullaturF
577 2828 757 2897 laculaturp
812 2826 994 2895 8grecanioo
1013 2826 1062 2895 Fu
1118 2830 1151 2878 10
1167 2824 1242 2877 striis

233 2899 331 2967 scripsi
358 2916 419 2953 oum
446 2900 538 2954 Ooloio
565 2899 651 2953 istriis
674 2899 695 2951 F
723 2898 829 2952 histriis
853 2918 874 2966 φ
903 2897 933 2950 in
963 2897 1038 2950 striis
1066 2896 1170 2951 Wowcr
1188 2894 1241 2948 Kr.

236 2975 267 3021 11
289 2968 379 3023 celato
397 2987 436 3023 arc
455 2970 546 3024 celata
564 2972 696 3024 incertum
714 2970 806 3023 celata
825 2990 846 3038 φ
926 2974 959 3021 12
978 2970 1075 3021 tenera
1092 2966 1141 3035 Fe
1158 2968 1162 3036 1
1178 2982 1241 3034 pro-

234 3040 328 3094 cer-ule
345 3041 394 3109 Fp
411 3041 496 3109 11666
514 3042 563 3111 Fa
580 3046 583 3109 1
602 3047 633 3094 13
652 3040 833 3110 pulsabulum
851 3057 884 3092 m.
904 3040 986 3093 ualde
1002 3054 1093 3092 roccos
1106 3038 1138 3090 irc
1151 3054 1175 3090 m
1197 3057 1240 3105 ,φ

233 3113 267 3178 cs.
283 3111 342 3164 Met
360 3110 392 3164 V.
409 3118 434 3179 3,
448 3130 474 3181 p.
491 3118 532 3167 97.
550 3118 582 3166 10
602 3112 691 3179 „alius
711 3112 850 3164 citharum
867 3108 1024 3179 pulsauit“;
1043 3124 1093 3162 suo
1112 3107 1162 3160 sab
1194 3124 1242 3160 um

233 3183 283 3251 Frp
303 3182 506 3236 suscitabulum
525 3184 576 3238 Kr.
595 3201 656 3237 mun
675 3183 767 3237 Cottio
793 3185 797 3248 1
824 3182 938 3249 cythare
956 3181 979 3234 F
1058 3184 1092 3232 14
1111 3179 1173 3250 ceu]
1193 3194 1242 3231 seu

233 3254 278 3322 Fa
340 3259 372 3307 15
387 3254 521 3322 cautiqur'r
541 3254 577 3323 φι
651 3259 684 3306 17
699 3256 758 3310 esto
777 3254 826 3322 Fu>
841 3254 883 3305 est
897 3253 980 3323 culpo
996 3254 999 3320 1
1016 3250 1079 3319 quis
1098 3250 1148 3318 Fe
1171 3265 1241 3316 quos

234 3324 286 3379 Kr.
306 3340 367 3379 cum
385 3325 466 3379 Solm.
486 3325 535 3393 qui
553 3327 636 3397 culpo
714 3330 746 3378 18
767 3324 885 3377 dilectus
903 3323 952 3392 Fa
972 3322 1089 3375 dilectos
1108 3321 1159 3375 Kr.
1180 3337 1241 3374 cum

776 3409 799 3445 ⁸1

234 3449 317 3503 Soloe.
341 3449 345 3518 1
365 3448 512 3503 Anacreon
531 3449 613 3504 Teius
632 3449 715 3504 Solm.
736 3420 904 3502 anacreonte
921 3446 968 3500 uel
985 3446 1007 3499 F
1027 3446 1155 3516 (secundo
1175 3460 1191 3496 a
1210 3461 1243 3498 esc

235 3520 253 3572 d
271 3536 338 3574 corr.
358 3520 427 3589 uid.)
446 3521 669 3574 Anacreonteum
692 3522 776 3591 sculpo
802 3522 806 3588 1
832 3516 950 3572 cantilat
967 3518 1017 3586 Fu>
1041 3516 1170 3570 cantillat
1189 3516 1240 3570 Kr.

235 3596 267 3644 19
288 3589 387 3663 (non)
404 3590 524 3644 multum
544 3590 667 3659 superus
682 3591 763 3659 lpost
781 3606 840 3644 esse
854 3590 984 3643 eccidisse
997 3589 1132 3658 quosdam
1144 3589 1240 3641 uiden·

234 3668 288 3729 tur,
306 3662 383 3714 uelut
399 3664 433 3715 ut
451 3662 499 3729 qni
517 3662 602 3715 fuerit
674 3667 708 3714 20
727 3664 755 3715 61
773 3661 823 3730 Fu>
843 3660 896 3713 etsi
915 3660 967 3714 Kr.
986 3676 1049 3713 cum
1068 3658 1155 3713 Salsu.
1170 3659 1248 3708 natu

233 3732 270 3799 φ’
286 3734 350 3798 nat,-
367 3732 392 3783 F
410 3733 417 3803 1
434 3732 649 3802 pulchritudine
667 3755 689 3805 φ
801 3739 839 3787 21
857 3749 894 3787 ao
907 3730 934 3785 i.
951 3730 1054 3796 scripsi
1069 3727 1114 3777 ab
1130 3720 1265 3772 namen

223 3804 256 3852 at
277 3800 366 3855 ferme
385 3824 408 3872 φ
427 3806 516 3875 atque
536 3806 556 3861 f.
578 3807 635 3864 Kr.
