3042 4300
308 375 355 438 712
585 375 615 428 L.
635 373 768 427 APVLEI
787 373 1046 428 MADAVRENSIS

206 484 222 522 r.
235 486 295 526 roco⁴
309 484 324 522 r.
339 485 373 524 ao⁴
1268 483 1310 522 no.
1325 482 1356 530 Q

266 589 268 591 .
311 545 356 601 ita
378 547 413 602 ut
435 546 478 617 tu,
501 542 677 616 Aemiliane,
699 562 852 616 nunquam
874 540 966 601 ferme
990 562 1022 601 os
1046 561 1132 600 suum
1154 544 1212 601 nisi
1231 545 1321 600 male-

207 645 222 684 f.
237 647 297 686 roos.
312 632 400 691 dictis
424 634 454 690 et
477 632 632 690 calumniis
656 633 780 707 aperiat,
803 649 915 706 censeo,
937 651 974 689 no
997 632 1059 689 ulla
1076 626 1087 710 11
1109 650 1178 689 cura
1201 651 1234 690 os
1257 653 1322 708 per-

312 722 406 795 colat,
434 740 529 795 neque
559 721 611 778 ille
642 721 755 778 exotico
786 720 909 795 puluere
936 720 1031 779 dentis
1058 722 1218 794 emaculet,
1249 741 1322 796 quos

311 811 418 868 iustius
442 810 567 868 carbone
590 809 625 867 de
647 828 719 885 rogo
743 809 914 882 obteruerit‚
936 829 1031 884 nequo
1050 810 1156 868 saltem
1174 811 1322 868 communi

312 918 389 974 aqua
420 900 551 974 perluat:
598 899 669 972 quin
702 899 729 955 ei
765 916 872 956 nocens
906 898 1010 974 lingua
1039 899 1259 957 mendaciorum
1291 902 1321 957 et
1350 920 1356 958 ε

312 988 544 1045 amaritudinum
571 988 781 1063 praeministra
808 1005 923 1063 semper
949 988 981 1044 in
1003 988 1140 1046 fetutinis
1164 990 1194 1045 et
1216 988 1321 1046 olenti-

311 1078 383 1135 cetis
407 1077 468 1135 suis
490 1077 594 1134 iaceat.
640 1095 710 1133 nam
733 1095 821 1150 quae,
851 1076 976 1150 malum,
1005 1077 1083 1134 ratio
1107 1080 1164 1150 est,
1187 1078 1322 1153 linguam

311 1165 452 1223 mundam
482 1168 512 1224 ct
538 1165 658 1239 laetam,
687 1159 691 1242 Ι
720 1183 824 1222 uocem
851 1167 953 1222 contra
983 1183 1119 1239 spurcam
1152 1168 1182 1224 et
1213 1169 1321 1224 tetram

310 1255 476 1330 possidere,
505 1255 626 1329 uiperae
655 1255 718 1311 ritu
746 1253 834 1312 niueo
864 1253 1013 1312 denticulo
1047 1257 1144 1312 atrum
1174 1273 1320 1312 uenenum

310 1341 476 1418 inspirare?
506 1345 636 1400 ceterum
659 1343 711 1417 qui
733 1361 796 1401 sese
820 1343 895 1401 sciat
922 1344 1084 1401 orationem
1113 1347 1319 1419 prompturum
1335 1363 1356 1401 ι(

310 1451 406 1506 neque
428 1432 566 1489 inutilem
583 1450 679 1506 neque
698 1431 898 1506 iniucundam,
922 1433 984 1490 eius
1003 1433 1109 1490 merito
1129 1451 1169 1506 os,
1193 1436 1227 1490 ut
1243 1433 1321 1491 bono

299 1521 395 1596 potui
418 1520 566 1596 poculum,
588 1519 780 1595 praelauitur.
827 1521 951 1595 etquid
975 1540 1028 1597 ego
1052 1521 1087 1579 de
1110 1521 1228 1580 homine
1249 1526 1320 1580 nato
1335 1531 1356 1582 (³

311 1607 443 1667 diutius?
465 1609 554 1667 belua
576 1609 723 1683 immanis,
746 1609 909 1668 crocodilus
936 1611 987 1668 ille
1016 1611 1068 1684 qui
1086 1611 1118 1666 in
1136 1611 1206 1668 Nilo
1225 1612 1320 1687 gigni-

309 1701 375 1772 tur,
405 1717 439 1756 ea
463 1716 595 1773 quoque,
622 1701 657 1756 ut
679 1700 858 1773 comperior,
884 1698 1053 1775 purgandos
1077 1699 1133 1758 sibi
1157 1700 1253 1758 dentis
1276 1702 1320 1757 in-

310 1788 398 1846 noxio
420 1785 506 1845 hiatu
527 1787 657 1862 praebet.
689 1807 759 1844 nam
778 1788 856 1862 quod
875 1791 920 1846 est
938 1807 987 1847 ore
1007 1789 1115 1864 amplo,
1138 1788 1188 1847 sed
1207 1789 1320 1865 elingui
1328 1812 1350 1847 r.

310 1879 341 1934 et
363 1877 536 1952 plerumque
558 1877 591 1933 in
615 1895 692 1950 aqua
714 1876 843 1951 recluso,
870 1876 982 1935 multae
1008 1879 1159 1935 hirudines
1182 1878 1321 1936 dentibus
1337 1900 1356 1938 ι(

299 1965 536 2041 implectuntur:
566 1984 615 2024 eas
638 1965 693 2039 illi,
716 1984 784 2024 cum
807 1958 995 2042 egressus‘in
1017 1967 1167 2041 praeripia
1190 1967 1320 2026 fluminis

309 2054 416 2127 hiauit‚
434 2073 493 2111 una
512 2073 547 2112 ex
563 2048 697 2132 [auibus]
711 2055 881 2114 fluuialibus
902 2055 995 2112 amica
1015 2056 1079 2113 auis
1097 2056 1204 2114 iniecto
1223 2060 1320 2115 rostro
1335 2066 1356 2117 (⁸

313 2144 376 2202 sine
399 2162 493 2202 noxae
516 2145 647 2220 periculo
672 2144 825 2220 exsculpit.

254 2230 297 2288 lX
376 2233 466 2291 Mitto
488 2232 568 2291 haee.
614 2234 701 2291 uenio
726 2233 763 2291 ad
787 2237 897 2292 eeteros
925 2252 1040 2309 ueram,
1067 2236 1102 2291 ut
1128 2233 1174 2290 illi
1204 2237 1321 2308 uocant,
1336 2246 1356 2298 (3

311 2322 484 2394 amatorioS,
516 2340 590 2396 quos
621 2325 722 2380 tamen
755 2324 818 2379 tam
849 2322 921 2380 duro
952 2326 982 2381 et
1012 2324 1121 2381 rustice
1147 2323 1257 2399 legere,
1287 2326 1321 2381 ut
1336 2346 1356 2383 21

310 2409 410 2468 odium
428 2413 589 2468 mouerent.
626 2410 677 2468 sed
701 2410 773 2484 quid
796 2411 833 2467 ad
856 2412 972 2487 magica
992 2411 1145 2484 maleficia,
1169 2412 1248 2485 quod
1266 2432 1320 2488 ego

309 2517 416 2573 pueros
440 2499 586 2557 Scribonii
607 2498 706 2572 Laeti,
737 2499 824 2556 amici
851 2501 923 2573 mei,
954 2502 1081 2558 carmine
1109 2499 1251 2558 laudaui?
1283 2521 1320 2558 an

383 2655 416 2702 10
435 2648 469 2704 cf.
489 2649 572 2719 Verg.
593 2648 691 2718 Georg.
711 2649 756 2703 IV.
778 2655 836 2703 236.

384 2726 486 2773 13-21
505 2718 607 2773 Herod.
626 2720 659 2774 11.
680 2724 727 2786 683
750 2720 865 2774 Aristot.
889 2721 973 2775 VIIII.
994 2729 1018 2777 6.
1037 2741 1063 2792 p.
1085 2729 1181 2790 612.a;
1205 2722 1316 2776 Aelian.

383 2868 416 2914 ra
436 2791 471 2915 {l
486 2791 688 2929 ilisa'oilbiib.
700 2867 734 2914 ao
752 2862 810 2930 Kr,
829 2862 894 2917 Met.
910 2863 955 2918 ΙΧ,
965 2871 987 2918 1.
1007 2884 1034 2934 p.
1051 2871 1110 2920 rsa.
1122 2869 1145 2917 5.

383 3010 399 3056 4
425 3002 578 3056 obteruerit
601 3002 663 3071 F¹o
689 3006 820 3073 (mutauit
843 3006 875 3059 ic
897 3005 919 3058 F
943 3023 976 3060 m.
995 3025 1018 3061 r.
1037 3009 1068 3060 io
1094 3008 1264 3075 obteruerat)
1283 3009 1317 3074 cf.

311 3075 424 3128 Metam.
448 3073 519 3127 VllI.
540 3080 587 3141 23,
609 3079 727 3141 181.12;
755 3074 800 3127 XI.
822 3081 868 3143 28,
892 3082 997 3130 27427
1021 3085 1046 3132 et
1071 3079 1212 3134 Charisius
1234 3079 1280 3131 IH.
1303 3085 1316 3130 1

310 3164 337 3214 p.
362 3149 454 3198 mar
482 3145 558 3199 Keil:
597 3146 668 3198 ‘tero
695 3145 764 3199 teris
792 3147 866 3200 torui
894 3154 919 3201 et
945 3148 1012 3201 trini
1040 3151 1121 3204 iacta
1148 3150 1318 3219 Apuleium,

311 3221 326 3269 5
345 3214 555 3268 mendaciorum
573 3232 647 3282 pone
666 3237 687 3284 φ
760 3222 776 3269 8
795 3217 900 3283 leatam
919 3218 940 3269 F
959 3218 1046 3272 letam
1065 3241 1086 3288 φ
1104 3237 1235 3290 superscr.
1250 3238 1284 3273 m.
1295 3237 1316 3273 r.

311 3304 333 3339 c.
353 3285 440 3339 lotam
513 3292 546 3338 10
561 3287 716 3341 orationem
729 3288 853 3342 Stewecb.
869 3288 941 3343 aciat
957 3291 960 3357 Ι
977 3290 1150 3344 rationemF
1229 3298 1260 3344 11
1276 3292 1318 3344 in-

310 3357 500 3426 iocundamp
587 3364 619 3411 12
638 3358 766 3427 'plabitur
784 3359 853 3429 ΡφΙ
874 3362 903 3413 ct
921 3360 990 3428 quid
1008 3363 1087 3416 sicF
1174 3368 1206 3415 13
1227 3378 1318 3416 croco-

311 3426 396 3480 dillus
410 3427 458 3496 For
514 3433 546 3481 15
557 3429 650 3498 amplo
665 3431 735 3484 deest
752 3432 784 3483 ic
803 3450 825 3499 φ
844 3432 901 3485 odd
919 3434 1071 3503 cmpos
1088 3434 1092 3501 Ι
1109 3434 1158 3486 sed
1172 3434 1208 3485 F1
1227 3437 1270 3487 set
1284 3432 1321 3485 Γ*

310 3515 441 3567 superscr.
465 3517 499 3552 m.
524 3504 539 3552 3
568 3502 612 3553 set
702 3506 734 3553 16
763 3500 907 3555 hirudines
936 3502 1052 3559 Ocsaob.
1078 3504 1269 3576 ssfsarundines
1297 3504 1318 3556 F

311 3622 460 3675 annones
481 3643 502 3690 φ
584 3630 616 3676 rr
635 3585 821 3707 rupitiincur
840 3647 861 3695 φ
878 3630 881 3696 ι
897 3628 992 3696 p-rrpra
1010 3628 1058 3697 so
1095 3577 1174 3682 [tisis
1193 3629 1318 3699 [aurbus]

284 3742 404 3795 seclusit
416 3745 566 3803 Bracaros
579 3753 588 3819 Ι
602 3698 753 3805 ililleedthF
817 3755 852 3807 19
872 3752 998 3821 exculpit
1016 3772 1038 3820 tp
1099 3758 1135 3804 ‘m
1150 3752 1318 3805 boriboniid
