3042 4300
296 376 339 451 '48
573 385 602 439 1.
621 384 754 437 sevum
771 383 1030 438 umnvannsis

189 497 206 538 1.
221 499 280 538 1120.
295 495 371 535 1100.
1252 491 1296 531 Ed.
1309 491 1350 531 Oui

296 557 328 614 in
356 553 461 630 quibus
487 553 519 611 id
550 572 642 630 genus
673 555 758 612 uaria
789 555 965 612 tractantur.
1011 572 1085 628 quae
1116 555 1203 611 tanta
1235 571 1306 611 cura

297 643 463 719 conquisita
491 644 518 701 si
545 643 702 702 honestum
732 644 762 701 et
791 643 952 718 gloriosum
985 642 1046 700 illis
1079 643 1138 700 fuit
1170 641 1305 715 scribere,

296 752 348 792 cur
369 735 456 807 turpe
479 733 519 790 sit
546 731 630 790 nobis
658 728 804 806 experiri?
840 731 1014 806 praesertim
1044 749 1110 789 cum
1139 730 1305 789 ordinatius

296 823 326 880 et
345 820 500 880 cohibilius
524 820 625 879 eadem
649 818 757 878 Graece
786 821 817 877 et
838 819 945 877 Latine
976 819 1094 878 adnitar
1123 819 1305 878 conscribere

296 911 379 968 etin
402 909 536 968 omnibus
560 910 613 966 aut
635 910 743 967 omissa
767 908 920 982 adquirere
944 910 996 966 aut
1022 908 1136 967 defecta
1159 909 1305 984 supplere.
1330 926 1341 966 5

294 999 475 1074 permittite,
504 999 531 1056 si
553 1016 641 1072 opera
665 999 725 1070 est,
755 997 900 1072 quaedam
922 997 983 1073 legi
1012 997 1047 1055 de
1074 998 1198 1073 magicis
1221 999 1305 1071 meis,

294 1090 329 1146 ut
359 1088 434 1146 sciat
463 1106 509 1144 me
538 1085 722 1144 Aemilianus
752 1086 839 1161 plura
869 1105 958 1160 quam
987 1087 1076 1161 putat
1106 1105 1244 1161 quaerere
1276 1088 1306 1144 et

187 1193 280 1233 rins.
294 1176 395 1235 sedulo
428 1175 587 1250 explorare.
631 1193 732 1250 prome
764 1177 799 1232 tu
829 1174 938 1232 librum
965 1194 981 1232 e
1009 1173 1128 1233 Graecis
1157 1167 1161 1254 l
1190 1176 1274 1250 meis,
1296 1166 1306 1255 ΙΙ

293 1260 361 1344 <si>
380 1283 453 1339 quos
471 1264 547 1322 forte
570 1263 627 1321 hae
651 1264 737 1322 amici
760 1265 894 1338 attulere,
921 1263 972 1322 sed
994 1266 1094 1337 atique
1122 1263 1306 1321 naturalium

294 1354 508 1429 quaestionum,
532 1354 620 1427 atque
644 1371 711 1409 eum
732 1353 868 1425 maxime,
891 1353 924 1409 in
943 1371 1000 1427 quo
1018 1352 1105 1427 plura
1124 1352 1159 1409 de
1177 1352 1305 1426 piscium
1318 1369 1342 1408 10

293 1461 399 1518 genere
429 1443 559 1498 tractata
595 1443 672 1499 sunt.
725 1441 852 1515 interea,
891 1440 961 1499 dum
996 1441 1044 1498 hic
1081 1441 1210 1515 quaerit,
1249 1460 1304 1517 ego
1317 1454 1350 1506 (10

296 1529 460 1603 exemplum
483 1529 525 1587 rei
549 1533 716 1605 competens
740 1529 848 1588 dixero.

186 1618 329 1678 XXXVH
381 1617 538 1693 Sophocles
561 1620 650 1693 poeta
672 1617 810 1693 Euripidi
833 1619 964 1676 aemulus
988 1621 1018 1676 et
1040 1621 1188 1693 superstes
1213 1609 1304 1699 (uixit

294 1706 372 1765 enim
396 1706 432 1764 ad
463 1708 622 1764 extremam
649 1699 827 1786 senectam),
857 1726 924 1766 cum
953 1707 1047 1783 igitur
1076 1709 1263 1765 accusaretur
1286 1727 1303 1764 a

293 1795 355 1853 fflio
378 1797 493 1854 suomet
515 1795 695 1870 dementiae,
724 1797 809 1870 quasi
838 1796 973 1871 iamper
996 1797 1124 1854 aetatem
1147 1795 1303 1871 desiperet,
1317 1813 1339 1854 is

291 1884 450 1960 protulisse
474 1883 582 1942 dicitur
607 1883 766 1943 Coloneum
789 1903 886 1958 suam,
908 1885 1113 1961 peregregiam
1134 1884 1303 1960 tragoedia-

291 1993 371 2047 rum,
403 1992 492 2048 quam
523 1974 600 2032 forte
627 1976 692 2031 tum
718 1973 750 2030 in
779 1993 812 2031 eo
836 1975 969 2047 tempore
993 1972 1207 2046 conscribebat,
1238 1992 1303 2032 eam

281 2061 436 2141 ‘iudicibus
468 2063 575 2137 legisse
606 2080 660 2120 nee
695 2062 853 2137 quicquam
886 2062 1013 2137 amplius
1048 2081 1101 2137 pro
1134 2061 1303 2120 defensione

291 2171 346 2211 sua
369 2151 529 2225 addidisse,
559 2152 617 2210 nisi
646 2154 681 2209 ut
710 2151 850 2209 audacter
876 2152 1040 2210 dementiae
1066 2152 1302 2225 condemnarent,

291 2241 317 2299 si
347 2242 477 2298 carmina
507 2240 584 2298 sanie
615 2239 812 2315 displicerent.
858 2239 900 2297 ibi
930 2258 984 2315 ego
1015 2241 1178 2315 comperior
1207 2242 1302 2298 omnis
1316 2258 1340 2297 1ο

290 2329 401 2387 iudices
424 2330 509 2387 tanto
531 2330 636 2403 poetae
660 2328 871 2401 adsurrexisse,
898 2329 982 2386 miris
1005 2328 1141 2386 laudibus
1165 2348 1232 2386 eum
1254 2331 1302 2387 tu-

291 2418 361 2475 lisse
384 2416 421 2475 ob
445 2416 610 2492 argumenti
633 2417 797 2475 sollertiam
820 2419 850 2475 et
868 2417 1042 2475 cothurnum
1061 2417 1225 2491 facundiae,
1248 2432 1350 2479 neon-a

290 2506 335 2563 ita
348 2506 475 2563 multum
489 2504 584 2563 omnis
598 2505 707 2564 afrusse
724 2506 795 2579 quin
810 2507 1009 2564 accusatorem
1022 2506 1122 2581 potius
1137 2506 1301 2565 dementiae

291 2593 527 2652 condemnarent.
963 2583 964 2587 ¹

358 2682 504 2741 Inuenisti
529 2684 564 2740 tu
590 2679 719 2740 librum?
749 2682 853 2741 beasti.
900 2683 970 2741 cedo
996 2682 1074 2741 enim
1108 2683 1301 2758 experiamur,
1315 2701 1339 2742 re

289 2922 395 2975 insani
407 2922 439 2974 ia
452 2922 482 2989 F,
497 2928 560 2991 post
577 2921 724 2975 innumera
742 2923 860 2992 quiaque
876 2923 930 2977 titt.
950 2923 1052 2976 taceae
1073 2923 1078 2993 1
1100 2924 1177 2976 recta
1195 2921 1244 2990 Ftp
1263 2922 1299 2988 cf.

289 2992 356 3046 Met.
376 2991 440 3044 VIII
459 2998 492 3045 13
510 3011 537 3061 p.
559 2999 617 3047 113.
629 2999 660 3046 11

361 3070 378 3116 4
389 3063 536 3117 cohibilius
546 3065 659 3132 etiamp
672 3063 675 3135 t
688 3063 856 3132 adnititurp
894 3064 1057 3132 toperal'p
1066 3078 1166 3132 operae
1175 3064 1227 3118 Kr.
1239 3081 1298 3118 cam

290 3134 405 3189 Scriaer¹
480 3139 495 3187 9
514 3134 560 3207 <si
584 3151 653 3202 quos
672 3135 788 3202 Lipsius
803 3137 807 3203 1
823 3134 920 3187 huc-
932 3134 1052 3188 attulere
1070 3136 1227 3189 dubitanter
1246 3136 1298 3189 Kr.

289 3204 545 3259 hic-habueras
585 3248 590 3259 .
616 3208 620 3274 Ι
650 3205 700 3259 sed
717 3205 816 3272 utique
836 3205 888 3259 Kr.
907 3222 969 3259 eam
986 3207 1064 3275 Lips.
1084 3205 1231 3273 sedulique
1249 3205 1298 3273 Fp

292 3281 324 3329 16
353 3275 516 3330 colonaeum
543 3276 592 3345 Ρφ
626 3279 630 3344 Ι
663 3275 859 3345 peregregiam
886 3276 935 3344 Pp
1044 3281 1077 3330 18
1101 3276 1252 3344 quicquam
1276 3295 1297 3343 φ

292 3352 325 3398 19
345 3346 620 3415 condempnarentp
693 3352 727 3398 20
746 3346 885 3414 comperio
910 3347 1032 3401 romanis
1051 3348 1073 3400 F
1092 3348 1231 3415 comperio
1254 3363 1296 3400 ro-

290 3425 409 3486 memofi
442 3420 480 3485 (οΒ
507 3420 539 3470 ta
570 3418 621 3485 tit.)
718 3423 751 3468 21
785 3418 974 3472 adsurrexisse
991 3418 1027 3470 F
1061 3419 1244 3471 assurrexisse
1276 3437 1296 3485 φ

292 3492 325 3539 22
346 3488 492 3539 coturnum
509 3487 530 3539 F
550 3487 678 3541 cothurni
696 3486 857 3541 facundiam
877 3490 1002 3543 Fuluiae
1074 3494 1107 3541 23
1127 3488 1179 3541 off
1193 3488 1297 3542 afuisse

289 3610 311 3662 F
337 3572 567 3664 omnis²¹dffuisse
664 3617 699 3664 24
725 3612 941 3667 condemnarent
965 3614 987 3665 F
1013 3612 1251 3681 condempnarent
1276 3632 1297 3679 φ

275 3683 315 3725 25
339 3679 436 3731 beasti
456 3683 501 3735 aar
521 3682 574 3751 Fer
601 3686 611 3752 t
639 3682 709 3738 cedo
738 3683 816 3738 enim
840 3701 903 3755 exp.
930 3685 1071 3739 Kcoacab.
1094 3701 1155 3737 care
1181 3685 1299 3737 Boascto

258 3744 332 3796 cedo
350 3749 445 3800 enim:
466 3768 528 3821 exp,
551 3755 606 3812 Kr,
1310 3788 1312 3792 -
