3042 4300
636 403 820 460 APOLOGIA
1171 404 1234 470 109
1259 424 1261 429 ’

173 516 275 558 raama.
1159 514 1175 554 s.
1190 515 1250 556 rue.
1265 513 1281 556 r.
1295 515 1340 556 nu

217 578 359 655 porrecta
380 577 481 653 palma
511 573 730 652 significantur,
760 593 795 633 ea
825 574 1025 653 quadraginta
1055 577 1089 633 tu
1112 575 1235 636 dimidio

218 685 328 746 auges,
350 684 409 724 non
431 668 516 741 potes
540 664 703 742 digitorum
729 666 817 741 gestu
840 681 966 737 errasse,
993 662 1052 723 nisi
1078 664 1154 724 forte
1181 666 1235 724 tri-

219 758 309 836 ginta
340 773 486 814 annorum
517 752 720 812 Pudentillam
750 756 835 812 ratus
870 752 956 813 binos
990 753 1132 828 cuiusque
1164 756 1236 814 anni

221 845 358 906 eonsules
381 843 554 903 numerasti.

173 948 206 1002 so)
288 934 382 993 Missa
419 933 493 992 baec
536 931 623 990 facio.
677 931 765 990 uenio
797 949 877 990 nunc
909 931 947 989 ad
982 930 1080 1007 ipsam
1112 931 1237 1008 stirpem
1251 933 1301 994 XO

191 1020 429 1097 saccusationis,
449 1021 487 1080 ad
506 1020 602 1096 ipsam
621 1038 741 1079 causam
760 1020 906 1080 maleficii.
942 1020 1122 1095 respondeat
1135 1021 1235 1080 Aemi-

220 1113 321 1173 lianus
350 1114 380 1171 et
406 1110 544 1184 Rufinus,
573 1108 610 1169 cb
641 1110 720 1185 quod
751 1110 998 1185 emolumentum,
1028 1110 1085 1169 etsi
1107 1111 1235 1170 maxime

220 1219 328 1280 magns
346 1201 450 1274 forem,
467 1199 672 1258 Pudentillam
690 1198 869 1258 carminibus
888 1200 919 1257 et
936 1199 1058 1258 uenenis
1077 1199 1115 1257 ad
1133 1199 1236 1258 matri·

177 1290 364 1350 samonium
385 1288 581 1366 pellexissem.
627 1287 712 1362 atqui
735 1305 790 1365 ego
814 1288 887 1362 scio,
909 1287 1067 1363 plerosque
1093 1306 1159 1347 reos
1183 1289 1237 1347 ali-

179 1399 209 1440 ιο
222 1381 308 1440 cuius
331 1378 472 1438 facinoris
494 1377 672 1454 postulatos,
694 1377 720 1436 si
742 1376 834 1436 fuisse
857 1377 1017 1452 quaepiam
1039 1394 1146 1436 causae
1168 1396 1236 1454 pro-

221 1468 379 1542 barentur,
412 1468 468 1527 boc
497 1485 558 1525 uno
588 1483 619 1525 se
649 1469 751 1525 tamen
783 1464 900 1525 abunde
932 1465 1111 1542 defendisse,
1140 1466 1237 1526 uitam

222 1576 310 1618 suam
336 1557 441 1633 procul
470 1554 508 1613 ab
537 1555 707 1614 huiusmodi
737 1554 895 1615 sceleribus
926 1554 1100 1632 abhorrere,
1129 1575 1183 1616 nec
1206 1555 1238 1614 id

222 1645 282 1707 sibi
314 1646 416 1706 obesse
449 1643 568 1719 debere,
600 1644 680 1720 qnod
710 1643 871 1704 uideantur
902 1644 1048 1718 quaedam
1078 1645 1172 1705 fuisse
1199 1644 1239 1703 ad

221 1734 472 1795 malefaciendum
492 1732 700 1793 inuitamenta.
745 1751 806 1792 non
833 1733 912 1792 enim
939 1735 1039 1792 omnia
1070 1754 1146 1810 quae
1173 1735 1238 1793 fieri

181 1844 209 1886 15
222 1825 378 1902 potuerint
399 1843 454 1901 pro
476 1823 565 1881 factis
588 1821 737 1881 habenda:
764 1841 864 1881 rerum
886 1822 967 1882 uices
985 1823 1085 1882 uarias
1105 1824 1238 1884 euenire:

224 1917 341 1974 certum
362 1912 490 1972 indicem
513 1912 655 1988 cuiusque
680 1911 812 1970 animum
830 1929 906 1970 esse:
931 1913 984 1987 qui
1002 1930 1117 1988 semper
1136 1913 1260 1972 eodem·

222 2003 345 2081 ingenio
371 1997 374 2080 ἱ
401 2001 439 2061 ad
461 2002 607 2060 uirtutem
633 2002 684 2059 uel
714 2001 751 2059 ad
781 2000 929 2058 malitiam
958 2004 1090 2060 moratus
1119 2001 1238 2061 firmum
1252 2019 1268 2060 r.
1283 2022 1331 2062 ese.

223 2095 434 2171 argumentum
457 2094 502 2151 est
524 2090 688 2169 accipiendi
716 2088 848 2149 oriminis
877 2091 929 2147 aut
951 2090 1119 2166 respuendi.
1164 2091 1237 2151 haec

224 2201 280 2261 ego
304 2199 487 2259 quamquam
513 2183 626 2256 possim
654 2180 761 2239 merito
792 2179 903 2254 dicere,
931 2182 1033 2238 tamen
1061 2179 1146 2239 nobis
1171 2198 1237 2239 con-

181 2291 210 2331 so
223 2270 302 2331 dono
325 2290 379 2331 nec
397 2270 470 2331 satis
488 2269 563 2329 mibi
581 2271 666 2345 duco,
689 2269 715 2329 si
733 2287 780 2327 me
799 2268 931 2327 omnium
949 2288 1024 2344 quae
1042 2269 1238 2329 insimulastis

225 2359 343 2420 abunde
373 2360 516 2437 pungam,
548 2361 575 2419 si
603 2378 751 2435 nusquam
778 2376 889 2434 passus
921 2376 988 2417 sum
1018 2358 1067 2417 uel
1101 2359 1239 2437 exiguam

225 2450 425 2526 suspicionem
442 2451 559 2526 magiae
583 2448 750 2509 consistere.
786 2450 924 2524 reputate
941 2447 1103 2524 uobiscum,
1126 2450 1239 2524 quanta

225 2537 337 2598 fiducia
359 2539 546 2598 innocentiae
569 2557 652 2597 meae
676 2540 847 2619 quantoque
866 2536 1006 2613 despectu
1025 2536 1118 2597 nestri
1136 2556 1239 2616 agam:

227 2627 255 2687 si
272 2647 333 2686 una
352 2645 442 2687 causa
460 2628 510 2686 uel
531 2627 655 2685 minima
678 2626 771 2685 fuerit
787 2627 921 2703 inuenta,
944 2646 996 2685 cur
1014 2645 1068 2704 ego
1087 2626 1239 2686 debuerim

183 2736 211 2777 ss
224 2716 413 2776 Pudentillae
436 2716 556 2775 nubtias
580 2716 616 2775 ob
635 2715 756 2790 aliquod
774 2734 874 2774 meum
891 2715 1076 2775 commodum
1090 2718 1239 2792 appetere,

297 2955 451 3027 adigitozl
478 2958 561 3027 gestu
583 2956 604 3009 F
623 2956 680 3027 (aed
702 2973 722 3027 g
744 2973 778 3011 ecc
804 2956 924 3024 eccur.)
952 2954 1070 3026 digitozl
1096 2959 1238 3026 Egestum

225 3047 454 3169 affiifflia
528 3098 695 3168 oipsuml*
770 3103 785 3152 6
804 3098 1035 3168 respondeatFp
1052 3100 1056 3167 Ι
1073 3097 1239 3151 aemilianus

227 3244 256 3298 et
273 3242 379 3296 rufinus
397 3241 447 3312 Fsp
467 3244 496 3296 et
513 3242 629 3295 Rufinus
648 3258 698 3295 om.
719 3240 772 3296 Kr.
855 3244 870 3294 8
889 3188 1004 3306 nemesis
1024 3262 1045 3310 φ
1125 3246 1141 3294 9
1160 3240 1240 3308 atqui

226 3313 350 3386 Scaliger
368 3316 431 3386 atq3
452 3314 502 3382 Pp
576 3318 607 3366 11
628 3312 760 3366 habunde
779 3312 828 3381 Fp
906 3318 940 3366 14
959 3312 996 3365 ad
1013 3311 1241 3366 maleficiundum

228 3388 306 3457 (acm
325 3384 426 3453 mclii.)
444 3385 494 3454 Fp
585 3389 618 3438 15
637 3383 816 3455 potuejlrint
834 3404 855 3452 φ
880 3387 925 3455 (ne
943 3386 975 3438 in
992 3385 1058 3452 ras.)
1076 3383 1200 3452 poterint
1218 3384 1239 3437 F

229 3461 263 3510 1⁷
282 3456 320 3511 ad
338 3455 478 3510 malitiam
497 3476 518 3526 φ
537 3456 574 3521 ad
592 3455 733 3509 malitiam
751 3455 773 3508 F
835 3459 868 3509 18
889 3455 1012 3509 oriminis
1030 3455 1052 3509 F
1071 3454 1241 3509 discriminis

228 3547 250 3598 φ
314 3533 348 3581 21
369 3527 481 3582 abunde
499 3528 520 3581 F
538 3527 671 3581 habunde
691 3547 712 3595 φ
731 3526 840 3581 restitui
854 3529 974 3595 priorem
987 3527 1241 3595 interpretationem,

227 3616 310 3668 quum
334 3600 387 3654 Kr.
406 3599 498 3654 micus
521 3606 590 3654 recte
614 3604 771 3653 mutauerat
795 3598 1012 3669 interpucpeudc
1033 3604 1096 3668 post
1119 3598 1241 3669 purgaui

226 3724 407 3804 “dmm‘’
424 3723 468 3777 ⁸5²²
482 3740 538 3794 1²70
557 3722 582 3778 si
600 3724 755 3782 Boaecbcm
774 3730 884 3781 secutus
901 3722 967 3792 sim„
983 3682 1081 3791 dxiiii
1160 3724 1206 3767 ‘uu
1219 3731 1273 3762 su-

216 3808 370 3858 spicionem
387 3794 414 3847 l*
488 3802 521 3851 23
542 3798 637 3855 uestri
655 3800 677 3855 F
755 3793 796 3855 ⁴25
813 3797 943 3855 nubtias
953 3796 980 3850 ll
