3042 4300
267 367 310 430 28
545 367 575 420 L.
595 365 727 419 APVLEI
746 364 1005 419 MADAVRENSIS

193 477 253 518 roae.
268 477 284 515 r.
298 476 332 515 sb.
1225 473 1268 512 us.
1283 473 1323 512 oa·

270 536 347 593 oinia
366 534 566 611 praependens
584 534 709 609 impedit
729 537 760 593 et
777 534 961 609 praecipitat.
1003 534 1112 591 etenim
1125 528 1199 611 <in>
1219 553 1278 592 om·

269 623 355 681 nibus
375 624 412 681 ad
426 625 507 682 uitae
521 624 623 681 munia
637 623 755 682 utendis
770 622 910 698 quioquid
929 625 1031 698 aptam
1047 622 1280 681 moderationem

270 713 500 789 supergreditur,
523 713 605 771 oneri
627 713 728 787 potius
752 731 841 786 quam
863 712 930 769 usui
954 711 1101 769 exuberat.
1138 712 1233 788 igitur
1252 715 1280 770 et

269 802 434 860 inmodicae
464 802 587 859 diuitiae
617 801 701 858 uelut
722 794 732 878 ΙΙ
747 800 888 877 vingentia
918 803 947 857 et
975 800 1105 858 enormia
1135 799 1279 876 guberna·
1293 815 1323 863 (u

271 892 337 949 oula
359 891 477 949 facilius
500 892 638 966 mergunt
661 909 750 964 quam
773 891 893 966 regunt,
922 888 999 962 quod
1026 889 1136 947 habent
1163 890 1281 947 irritam
1306 906 1317 947 5

271 981 395 1056 copiam,
417 979 537 1036 noxiam
559 978 750 1036 nimietatem.
798 979 869 1053 quin
893 997 928 1036 ex
950 979 1023 1052 ipsis
1047 978 1281 1052 opulentioribus

271 1088 319 1127 eos
343 1068 529 1144 potissimum
552 1065 638 1124 uideo
661 1067 792 1140 laudari,
820 1067 871 1142 qui
893 1067 975 1124 nullo
1000 1068 1139 1141 strepitu,
1166 1067 1280 1125 modico

272 1157 362 1230 oultu,
390 1155 583 1215 dissimulatis
612 1156 806 1214 facultatibus
837 1158 930 1233 agunt
958 1158 987 1212 et
1014 1155 1134 1213 diuitias
1157 1173 1281 1232 magnas

271 1246 479 1304 administrant
502 1245 564 1302 sine
592 1246 802 1320 ostentatione,
830 1246 892 1304 sine
920 1244 1070 1319 superbia,
1099 1245 1194 1320 speeie
1221 1264 1280 1302 me-

271 1335 435 1392 diocritatis
465 1352 627 1409 pauperum
657 1335 776 1392 similes.
823 1333 901 1408 quod
931 1335 956 1390 si
986 1333 1076 1390 etiam
1105 1333 1215 1390 ditibus
1244 1333 1279 1390 ad
1294 1352 1320 1391 1⁰

271 1424 477 1500 argumentum
500 1422 661 1480 modestiae
685 1424 837 1497 quaeritur
855 1423 954 1499 imago
978 1423 1134 1496 quaepiam
1154 1425 1183 1480 et
1203 1423 1281 1480 color

270 1511 465 1588 paupertatis,
488 1529 539 1568 our
562 1511 624 1568 eius
646 1512 758 1586 pudeat
780 1512 937 1585 tenuiores,
962 1511 1011 1584 qui
1031 1530 1096 1569 eam
1114 1529 1173 1569 non
1192 1511 1280 1569 simu-

273 1601 334 1658 lato
357 1599 407 1656 sed
430 1618 498 1657 uere
521 1597 693 1676 fungimur?
759 1625 762 1629 ’

202 1688 257 1746 XX
337 1687 462 1746 Possum
485 1688 620 1762 equidem
642 1688 699 1745 tibi
726 1691 756 1747 et
783 1689 876 1763 ipsius
899 1689 1027 1747 nominis
1051 1689 1282 1746 controuersiam

271 1777 376 1850 faeere,
394 1777 541 1835 neminem
559 1779 693 1834 nostrum
711 1796 872 1852 pauperem
895 1796 966 1851 esse,
990 1778 1041 1852 qui
1064 1794 1321 1851 superuacaneum

272 1867 364 1939 nolit,
392 1866 488 1941 possit
514 1867 694 1940 necessaria,
725 1885 800 1940 quae
823 1868 931 1924 natura
954 1867 1062 1942 oppido
1086 1884 1180 1942 pauoa
1204 1869 1281 1923 sunt.

272 1973 399 2029 namque
430 1955 456 2013 is
485 1955 647 2029 plurimum
676 1954 797 2013 habebit
827 1956 878 2030 qui
907 1955 1062 2012 minimum
1094 1954 1281 2012 desiderabit.

195 2057 210 2099 1.
225 2061 258 2100 aa.
272 2043 393 2102 habebit
420 2045 498 2101 enim
531 2047 674 2118 quantum
704 2045 801 2117 uolet,
839 2044 889 2118 qui
921 2045 1002 2102 uolet
1033 2044 1196 2100 minimum.
1253 2046 1283 2100 et

271 2132 380 2192 ideireo
408 2132 530 2191 diuitiae
553 2152 612 2192 non
635 2134 740 2192 melius
763 2133 916 2192 infundis
940 2133 1023 2191 etin
1049 2132 1163 2205 fenore,
1192 2152 1282 2206 quam
1296 2147 1323 2196 141

271 2223 391 2298 inipso
420 2222 547 2280 hominis
578 2223 676 2280 animo
706 2224 915 2296 aestimantur,
946 2224 997 2297 qui
1027 2222 1052 2280 si
1080 2225 1125 2279 est
1155 2221 1323 2279 auaritiam

273 2330 381 2387 egenus
405 2313 435 2369 et
459 2310 496 2367 ad
519 2330 604 2368 omne
627 2312 742 2369 luorum
759 2310 955 2386 inexplebilia,
977 2330 1030 2369 nee
1048 2310 1197 2368 montibus
1218 2311 1284 2367 auri

274 2398 440 2473 satiabitur,
464 2398 514 2457 sed
537 2418 651 2473 semper
675 2400 788 2474 aliquid
812 2403 880 2457 ante
903 2401 990 2475 parta
1013 2402 1047 2457 ut
1071 2402 1179 2475 augeat
1202 2417 1283 2456 men-

273 2486 391 2545 dicabit.
429 2505 504 2562 quae
528 2487 646 2562 quidem
668 2507 739 2546 uera
763 2488 905 2546 confessio
929 2491 973 2546 est
990 2488 1183 2563 paupertatis.
1222 2507 1283 2546 om-

273 2577 320 2634 nis
344 2577 422 2633 enim
445 2575 551 2651 cupido
575 2576 746 2650 aequirendi
769 2595 804 2634 ex
822 2577 959 2651 opinione
977 2577 1095 2653 inopiae
1114 2577 1205 2649 uenit,
1229 2594 1283 2633 neo

273 2665 376 2738 refert,
404 2684 492 2738 quam
519 2684 661 2741 magnum
684 2666 723 2723 sit
746 2665 825 2739 quod
852 2665 908 2723 tibi
930 2666 1027 2724 minus
1051 2667 1102 2723 est.
1148 2684 1207 2723 non
1230 2665 1281 2722 ha·
1299 2683 1323 2723 11

272 2753 338 2811 buit
359 2756 476 2811 tantam
498 2772 560 2811 rem
581 2753 760 2812 familiarem
782 2753 885 2812 Philus
910 2756 1051 2828 quantam
1074 2753 1207 2827 LaeliuS,
1230 2773 1284 2812 neo

273 2841 391 2900 Laelius
412 2844 554 2915 quantam
569 2840 676 2917 Scipio,
694 2861 747 2900 nee
767 2842 865 2918 Scipio
885 2846 1027 2917 quantam
1046 2842 1167 2901 Crassus
1182 2842 1284 2916 Diues,

347 2980 379 3027 17
399 2973 432 3027 ef.
453 2974 559 3028 Seneca
577 2974 627 3044 Ep.
647 2974 716 3027 Mor.
736 2974 761 3027 Π
781 2980 804 3027 6.

292 3134 295 3141 ,
346 3098 546 3168 1p”pendens
561 3120 582 3168 φ
598 3102 675 3168 (corr.
689 3116 722 3153 ea
735 3117 754 3169 p
768 3099 892 3168 pendens
909 3101 913 3167 Ι
930 3097 1002 3171 <in>
1018 3098 1134 3153 Oaaaab.
1204 3105 1219 3151 3
1234 3099 1283 3152 ho-

274 3169 334 3224 neri
352 3170 374 3222 F
391 3169 530 3238 honorio
588 3176 605 3222 4
623 3169 772 3223 immodice
791 3191 813 3239 φ
886 3175 917 3222 11
937 3186 1039 3239 ymago
1058 3170 1107 3238 Fp
1168 3176 1200 3223 12
1221 3186 1283 3223 eam

274 3241 324 3309 Ρφ
335 3242 427 3294 eaKr.
445 3244 449 3309 Ι
465 3240 596 3294 simulato
606 3239 916 3295 Acidaliussimilatal*
994 3246 1027 3293 14
1038 3241 1167 3308 equidem
1177 3242 1216 3295 sie
1234 3241 1283 3309 Fu

277 3317 309 3364 16
328 3311 419 3379 possit
437 3310 553 3366 Oasaub.
569 3312 620 3366 Kr.
640 3312 674 3367 cf.
694 3318 736 3365 29.
748 3317 773 3379 6,
796 3317 848 3365 437
868 3309 899 3365 Ο.
918 3328 944 3379 p.
965 3317 1034 3366 29.4
1053 3312 1105 3366 Kr.
1124 3312 1216 3381 poscit
1234 3312 1283 3380 Fu)

275 3386 386 3449 (rasura
403 3399 486 3450 qttam
508 3382 578 3436 iul*
601 3400 688 3451 supra
709 3384 758 3436 hoe
780 3383 943 3436 uocabulum
965 3383 1072 3437 indicat
1094 3383 1146 3437 Kr.
1166 3390 1203 3437 est
1226 3400 1283 3436 ma-

274 3507 338 3560 eula
356 3507 388 3559 ia
406 3506 511 3574 charta)
580 3512 612 3560 17
631 3505 783 3573 nanqueF
853 3511 885 3558 19
904 3466 979 3558 fiilis
1047 3512 1081 3559 20
1101 3467 1284 3595 θεὲὶηωῖζῡυτ

275 3595 296 3647 F
316 3573 498 3663 estymanip
570 3601 603 3648 27
622 3594 708 3648 Diues
726 3594 825 3662 scripsi
844 3593 922 3647 diues
942 3595 1004 3662 Ka,
1023 3602 1061 3649 eet
1079 3602 1283 3665 1111110920-

272 3683 335 3717 mm
351 3666 386 3730 efi
408 3663 459 3720 01,
467 3666 536 3718 L.I¹
549 3685 579 3735 p.
596 3672 661 3734 524,
681 3664 759 3718 Fasti
783 3664 887 3719 consul.
912 3671 978 3734 549,
1004 3666 1080 3719 Jaaa
1102 3668 1194 3720 minus
1216 3673 1284 3720 reete

255 3737 405 3798 amneque
422 3736 506 3789 diues
523 3743 694 3806 experrectum
713 3737 827 3794 uolebat
899 3742 1083 3807 ‘lb—pflai
1097 3735 1201 3787 sunus
1215 3742 1241 3787 et
1252 3752 1292 3787 ra-
