3042 4300
646 378 833 434 APOLOGIA
1206 379 1247 444 19

187 485 290 527 cucone.
1182 489 1198 528 r.
1212 489 1272 530 roro.
1286 489 1303 530 r.
1316 492 1340 531 a

235 566 336 605 eorum
359 548 462 621 procul
485 549 654 608 absterrere.
701 567 795 622 neque
824 548 902 607 enim
925 549 1082 623 quicquam
1110 549 1191 607 aliud
1213 550 1245 607 in

237 654 392 711 corporum
415 637 510 695 forma
534 636 730 713 diligendum,
758 656 846 711 quam
870 636 948 711 quod
976 641 1180 696 commoneant
1202 637 1245 696 di-

187 741 222 791 re)
236 726 322 784 uiros
347 726 460 784 animos
491 727 553 784 eius
582 726 827 801 pulchritudinis,
858 745 946 800 quam
974 727 1057 800 prius
1086 746 1187 786 ueram
1211 730 1247 786 ¹et

236 815 382 872 sinceram
403 815 481 872 inter
503 814 573 874 deos
596 814 703 874 uidere.
746 818 938 890 quapropter,
966 817 1022 874 etsi
1044 815 1247 892 pereleganter

206 903 378 963 sAiranius
401 903 456 962 hoc
478 905 621 979 scriptum
643 905 778 977 reliquit:

478 1011 590 1069 amabit
612 1010 739 1085 sapiens,
762 1012 882 1085 cupient
906 1011 1004 1083 ceteri,

236 1120 338 1173 tamen
361 1117 511 1174 sinerum
538 1117 622 1189 uelis,
645 1116 820 1190 Aemiliane,
842 1118 891 1175 nel
921 1118 946 1176 si
973 1117 1045 1175 haec
1074 1117 1245 1193 intellegere

236 1224 368 1281 unquam
389 1208 490 1279 potes,
522 1224 581 1262 non
610 1208 673 1262 tam
697 1208 777 1263 amat
806 1207 922 1281 sapiens
950 1225 1039 1280 quam
1068 1206 1245 1264 recordatur.

237 1293 277 1350 da
308 1295 401 1370 igitur
431 1295 550 1352 ueniam
581 1293 701 1351 Platoni
736 1294 912 1369 philosopho
947 1314 1085 1354 uersuum
1118 1297 1179 1353 eius
1211 1295 1247 1353 de
1261 1295 1335 1353 XIII

195 1403 222 1442 ro
238 1401 346 1455 amore,
368 1401 405 1440 ne
429 1401 483 1458 ego
505 1400 622 1441 necesse
645 1382 769 1441 habeam
793 1387 894 1442 contra
917 1385 1093 1442 sententiam
1116 1384 1246 1457 Neopto-

234 1471 306 1529 lemi
328 1471 457 1528 Enniani
480 1471 614 1546 pluribus
636 1471 848 1546 philosophari,
871 1473 919 1529 uel
943 1474 968 1530 si
985 1476 1019 1531 tn
1037 1473 1068 1530 id
1086 1492 1145 1530 non
1163 1473 1246 1547 facis,

236 1579 291 1636 ego
313 1578 360 1618 me
382 1560 469 1617 facile
491 1561 590 1634 patiar
612 1561 643 1617 in
666 1560 868 1619 huiuscemodi
890 1562 1023 1620 uersibus
1043 1561 1156 1637 culpari
1180 1579 1246 1619 cum

234 1648 369 1706 Platone.
414 1649 470 1706 tibi
493 1651 604 1722 autem,
627 1649 768 1722 Maxime,
794 1649 888 1708 habeo
911 1652 1038 1726 gratiam
1060 1670 1246 1725 propensam,

236 1755 303 1794 cum
326 1737 379 1796 has
403 1756 518 1811 quoque
543 1737 718 1812 appendices
748 1738 926 1797 defensionis
956 1759 1038 1798 meae
1067 1741 1172 1798 iccirco
1196 1759 1245 1797 ne·

195 1827 388 1899 necessarias,
412 1827 481 1900 quia
505 1827 685 1885 accusationi
706 1827 917 1902 rependuntur,
939 1831 1002 1885 tam
1021 1831 1133 1887 attente
1153 1828 1244 1886 audis.

187 1931 227 1969 nx.
236 1918 267 1973 et
293 1913 359 1973 ideo
389 1914 444 1972 hoc
476 1916 566 1972 etiam
596 1919 680 1990 peto,
713 1915 791 1990 quod
821 1915 895 1973 mihi
925 1919 994 1974 ante
1025 1918 1090 1990 ipsa
1123 1918 1245 1974 crimina

235 2006 378 2079 superest,
401 2002 503 2061 audias
525 2007 560 2061 ut
583 2003 677 2061 adhuc
699 2005 798 2062 fecisti
820 2004 945 2062 libenter
969 2007 998 2062 et
1021 2005 1186 2081 diligenter.

303 2091 443 2167 Sequitur
466 2093 543 2150 enim
566 2092 602 2151 dc
625 2093 744 2168 speculo
763 2093 852 2170 longa
869 2093 924 2150 illa
943 2096 972 2151 et
989 2095 1122 2151 censoria
1141 2095 1245 2168 oratio,

235 2182 272 2239 de
297 2201 354 2256 quo
376 2201 430 2257 pro
453 2183 497 2239 rei
519 2183 676 2241 atrocitate
697 2200 792 2256 paene
820 2182 955 2257 diruptus
979 2186 1024 2241 est
1045 2182 1162 2241 Pudens
1187 2184 1244 2240 cla-

187 2272 359 2336 comitans:
388 2265 489 2329 ‘habet
511 2271 662 2345 speculum
688 2261 906 2352 phillosophus,
935 2270 1067 2346 possidet
1094 2272 1245 2347 speculum
1258 2287 1274 2327 τ.
1288 2290 1322 2329 ra

195 2380 220 2419 21
234 2354 448 2436 philosophus’.
492 2363 527 2417 ut
558 2360 650 2436 igitur
680 2358 789 2418 habere
822 2360 978 2419 concedam
1001 2393 1043 2401 -
1067 2381 1103 2419 ne
1132 2360 1245 2435 aliquid

235 2449 375 2508 obiecisse
398 2451 429 2506 te
452 2448 562 2522 medas,
585 2450 610 2507 si
633 2467 742 2524 negaro
761 2480 813 2523 —,
836 2452 1017 2507 nontamen
1040 2469 1075 2508 ex
1098 2470 1132 2508 co
1151 2451 1244 2525 accipi

233 2556 282 2595 me
305 2555 421 2596 necesse
445 2540 489 2595 est
512 2538 647 2595 exornari
670 2556 786 2612 quoque
809 2537 847 2595 ad
866 2538 1016 2613 speculum
1035 2540 1135 2597 solere.
1173 2538 1244 2614 quid

235 2624 334 2685 enim?
362 2627 388 2684 si
411 2626 581 2702 choragium
610 2626 803 2700 thymelicum
831 2627 1024 2701 possiderem,
1057 2648 1128 2686 num
1151 2647 1186 2685 ex
1209 2648 1242 2687 eo

193 2734 221 2775 rs
235 2718 487 2791 argumentarere,
515 2716 604 2772 etiam
631 2716 677 2772 nti
699 2734 745 2773 me
774 2733 926 2774 consuesse
949 2716 1083 2793 tragoedi
1106 2720 1244 2793 syrmate,

325 2871 341 2917 6
360 2883 399 2918 us.
420 2871 480 2919 221.
500 2865 577 2919 Scen.
596 2865 676 2920 Rom.
695 2881 771 2935 poce.
790 2865 824 2919 fr.
844 2866 879 2919 ed
896 2866 994 2921 Riobe
1011 2867 1063 2920 vol.
1083 2868 1116 2935 H,
1134 2886 1161 2937 p.
1182 2872 1241 2921 228.

359 2935 467 2990 Nonius
485 2942 599 2990 421,19.
620 2936 695 2989 Seru.
715 2937 783 2989 Aen.
803 2936 848 2990 IV,
865 2942 922 2991 194.

307 3013 341 3060 ιο
360 3006 429 3062 Eun.
449 3009 522 3077 trag.
541 3014 594 3062 aar
613 3008 652 3076 (L.
672 3007 709 3061 M.
729 3025 756 3076 p.
777 3010 852 3075 133),
871 3007 941 3063 ceu.
961 3008 987 3061 V
1006 3014 1082 3063 1c.c.

307 3083 340 3130 19
359 3077 394 3131 cf.
414 3076 469 3131 Cic.
489 3078 526 3131 ad
544 3079 620 3131 Fam.
639 3077 691 3131 Vll
710 3084 768 3132 1.4.

307 3208 321 3254 1
342 3201 483 3255 abstinere
500 3203 545 3255 uel
568 3201 715 3254 abhorrere
735 3202 867 3256 Maces
973 3208 989 3255 2
1009 3205 1202 3256 commoneant
1220 3203 1242 3255 F

234 3276 410 3326 commoneat
427 3274 480 3327 Kr.
500 3275 678 3326 ammoneant
694 3293 718 3340 φ
809 3277 828 3324 4
847 3272 900 3325 etei
917 3272 1113 3342 pereleganter
1131 3274 1242 3345 Krctger

234 3343 299 3412 (etsi
317 3344 403 3414 Jalue)
422 3346 451 3397 et
469 3345 528 3412 (sic,
545 3360 602 3397 aaa
618 3346 661 3412 ut)
681 3349 792 3411 semper'
805 3343 952 3412 eleganter
971 3344 1019 3412 Fcp
1092 3350 1107 3397 5
1126 3344 1242 3413 reliquit

233 3416 318 3486 ιιτιῑρο
335 3417 371 3481 cf.
391 3421 442 3468 415
463 3413 503 3482 0,
520 3432 548 3484 p.
568 3420 610 3469 26,
622 3421 656 3467 24
674 3414 721 3467 Kr.
740 3413 918 3481 relinquatF
936 3414 1114 3484 relinquatur
1187 3424 1202 3470 7
1218 3417 1242 3469 si

235 3501 334 3539 uerum
351 3485 424 3539 uelis
438 3485 487 3554 Fe
501 3487 536 3552 cs.
547 3485 660 3539 Metam.
670 3484 715 3538 IX.
728 3490 752 3552 7,
766 3504 792 3555 p.
805 3490 891 3539 1934
906 3486 930 3539 si
944 3502 1042 3539 uerum
1057 3487 1154 3540 audire
1168 3487 1240 3541 uelis

235 3610 286 3663 Kr.
304 3612 308 3678 Ι
324 3609 528 3679 intellegerel*
590 3615 623 3663 14
642 3609 742 3663 iccirco
761 3609 810 3676 Fe
873 3616 906 3663 15
924 3561 1047 3680 gdffedded
1066 3610 1100 3682 F,
1162 3616 1196 3665 20
1210 3613 1242 3664 in

232 3698 285 3751 rag.
305 3680 488 3749 c’epeculoF
550 3685 586 3733 22
605 3680 696 3749 accipi
713 3697 758 3734 mc
777 3680 825 3748 Fa
845 3697 889 3734 me
908 3681 998 3750 accipi
1017 3682 1068 3737 Kc.
1138 3688 1172 3735 24
1186 3682 1241 3736 thi-

234 3750 616 3820 melicumFthemelicump
667 3757 700 3804 25
719 3751 838 3820 tnaffl'dii
855 3752 1030 3823 Ftragedio)
1047 3752 1251 3821 laimatalp

1062 3839 1103 3893 (Σὲ
