3042 4300
640 387 824 442 arctoum
1196 389 1236 452 79

174 496 279 536 iudano.
1161 498 1175 536 r.
1192 498 1251 538 nri.
1266 498 1281 536 f.
1297 499 1344 538 iso.

220 557 417 616 uentitabant
446 557 584 615 scierunt.
631 557 747 633 lignum
770 574 788 614 a
810 576 858 615 me
887 559 951 615 toto
982 557 1091 632 oppido
1120 562 1149 616 et
1172 558 1237 632 qui·

222 646 293 709 dem
317 645 426 721 oppido
454 646 622 720 quaesitum
649 665 708 703 non
735 644 835 721 piguit
857 664 910 704 uos
934 646 1127 719 commentiri,
1151 666 1238 721 quem

222 734 337 794 afuisse
367 735 398 791 in
429 753 463 792 eo
492 737 625 809 temporo
655 735 753 808 scitis,
784 753 872 808 quem
901 734 1022 793 iussisse
1051 734 1115 791 fieri
1143 736 1237 809 quali-

224 842 343 898 cunque
366 822 493 880 materia
515 823 675 897 probatum
699 824 752 880 est.

189 933 207 973 5
295 912 431 970 Tertium
462 911 648 970 mendacium
684 914 819 970 uestrum
853 913 929 986 fuit,
965 913 1156 970 macilentam
1188 911 1344 970 uelLXIII

173 1019 214 1056 31.
224 1000 348 1059 omnino
381 1001 575 1059 euisceratam
607 1000 733 1058 formam
766 1001 823 1058 diri
863 1000 1014 1060 cadaueris
1051 1001 1237 1075 sabucetum,

173 1107 205 1158 a)
222 1108 347 1166 prorsus
376 1089 548 1148 horribilem
579 1091 609 1147 et
638 1088 791 1147 lamalem.
838 1089 944 1164 quodsi
974 1092 1157 1164 compertum
1185 1089 1236 1147 ha·

221 1177 342 1237 bebetis
365 1181 429 1236 tam
452 1177 569 1236 euidens
593 1177 712 1254 signum
733 1179 865 1255 magiae,
893 1199 945 1236 eur
968 1179 1040 1236 mihi
1063 1180 1097 1236 ut
1121 1178 1236 1236 exhibe-

222 1287 290 1325 rem
312 1285 372 1325 non
402 1264 619 1325 denuntiastis?
656 1285 695 1324 an
722 1269 758 1324 ut
784 1269 909 1341 possetis
937 1269 969 1325 in
995 1287 1058 1326 rem
1085 1267 1237 1326 absentem

175 1379 209 1418 1o
223 1356 320 1415 libere
343 1354 483 1414 mentiri?
516 1356 598 1414 cuius
627 1358 726 1413 tamen
749 1356 818 1414 falsi
850 1357 979 1414 facultas
1012 1355 1236 1432 opportunitate

225 1445 357 1521 quadam
395 1463 478 1503 meae
516 1443 735 1503 consuetudinis
772 1445 856 1504 uobis
890 1444 1028 1521 adempta
1062 1447 1113 1504 est.
1167 1462 1237 1502 nam

224 1540 340 1593 morem
362 1533 435 1591 mihi
457 1533 562 1606 habeo,
586 1551 703 1608 quoquo
727 1552 801 1607 eam,
828 1534 1019 1592 simulacrum
1042 1534 1166 1592 alicuius
1190 1533 1237 1591 dei

224 1624 306 1681 inter
327 1622 444 1681 libellos
467 1621 618 1680 conditum
641 1625 767 1698 gestare,
790 1623 875 1697 eique
899 1622 1001 1682 diebus
1019 1624 1103 1682 festis
1122 1626 1187 1681 ture
1207 1623 1237 1680 et

224 1730 308 1770 mero
333 1713 364 1770 et
386 1710 546 1786 aliquando
569 1710 698 1769 uictimis
722 1712 898 1786 supplicare.
945 1713 1056 1770 dudum
1078 1731 1146 1788 ergo
1171 1732 1237 1771 cum

178 1822 210 1862 15
226 1801 361 1859 audirem
390 1801 531 1858 sceletum
561 1818 706 1875 perquam
727 1800 895 1874 impudenti
920 1801 1073 1859 mendacio
1096 1800 1237 1872 dictitari,

226 1891 315 1963 iussi,
348 1889 493 1948 curriculo
516 1890 573 1947 iret
605 1889 714 1963 aliquis
745 1891 775 1947 et
799 1908 833 1946 ex
856 1889 985 1964 hospitio
1008 1909 1073 1947 meo
1096 1889 1237 1946 Mercuri-

227 1979 310 2036 olum
334 1978 460 2050 afferrot,
484 1997 572 2052 quom
594 1978 668 2034 mihi
692 1976 868 2035 Saturninus
891 1979 948 2036 iste
972 1976 1050 2035 Oeae
1073 1977 1236 2035 fabricatus

228 2070 282 2126 est.
330 2066 401 2125 codo
423 2069 459 2125 tu
482 2086 559 2141 enm,
583 2066 713 2138 uideant,
735 2069 866 2138 teneant,
890 2065 1083 2124 considerent.
1121 2084 1167 2121 em
1186 2083 1236 2122 uo-

226 2158 290 2230 bis,
320 2175 408 2231 qnem
438 2156 579 2214 scelestus
610 2156 661 2213 ille
691 2155 833 2214 sceletum
862 2155 1042 2214 nominabat.
1089 2155 1237 2212 auditisne

178 2268 210 2307 ao
224 2245 468 2304 reclamationem
498 2244 631 2302 omnium
663 2246 715 2318 qui
744 2242 873 2301 adsunt?
915 2244 1061 2302 auditisne
1090 2242 1237 2301 mendacii

224 2334 322 2393 uestri
349 2332 589 2393 damnationem?
635 2351 694 2390 non
724 2351 778 2391 uos
802 2336 847 2391 tot
871 2332 1085 2391 calumniarum
1115 2331 1236 2390 tandem

224 2421 387 2498 dispudet?
421 2421 535 2480 hiccine
559 2425 604 2480 est
627 2422 761 2496 scelotus,
784 2422 920 2480 haeccine
944 2425 989 2481 est
1010 2422 1105 2495 larua,
1131 2415 1141 2499 Η
1167 2421 1236 2478 hoc·
1251 2437 1265 2474 f.
1282 2438 1341 2475 usa.

225 2513 293 2571 cine
313 2513 359 2571 est
378 2511 457 2586 quod
476 2510 699 2586 appellitabatis
718 2510 926 2569 daemonium?
953 2511 1139 2588 magicumne
1157 2510 1237 2568 istud

299 2757 315 2804 2
334 2752 429 2822 quem]
448 2711 563 2819 que³quc³
575 2751 623 2819 Fa
697 2756 712 2802 3
727 2750 831 2804 afinsse
846 2752 866 2802 l*
886 2749 1035 2820 affuissem
1109 2756 1124 2802 6
1140 2750 1235 2830 sllscui3

225 2825 366 2877 socratam
388 2822 410 2874 l*
433 2825 459 2892 (e
478 2823 510 2875 in
533 2838 588 2877 ros.
607 2838 657 2875 scr.
676 2839 710 2874 m.
729 2824 774 2875 ael
793 2823 886 2890 pomo
908 2823 952 2875 cel
981 2823 1107 2890 antiqua)
1137 2823 1141 2891 l
1172 2821 1235 2872 dur1

223 2894 248 2946 F
259 2914 282 2961 φ
355 2898 370 2945 i
388 2892 518 2946 laruilem
535 2893 584 2961 Ρφ
603 2894 644 2960 (ia
663 2913 684 2961 φ
703 2891 833 2946 laruilem
851 2910 884 2945 m.
905 2898 920 2943 2
936 2894 967 2945 ia
980 2910 1030 2962 mg.
1046 2894 1181 2961 repetiuit,
1201 2909 1233 2943 m.

225 3042 243 3088 3
264 3036 327 3088 add.
348 2994 370 3089 d.
389 3035 535 3104 larualem)
625 3040 640 3087 8
659 3037 719 3087 tam
742 3034 857 3087 euidens
875 3033 990 3102 Lipsiae
1011 3036 1071 3086 tam
1094 3031 1234 3085 uidensF

225 3111 266 3159 πῆ
282 3106 423 3175 ιιὶᾱοῃεφ
479 3111 512 3158 10
531 3105 740 3174 opportunitate
758 3105 780 3156 F
799 3104 1033 3173 oportrmitatep
1095 3110 1127 3156 12
1143 3118 1237 3171 ququo

224 3197 351 3283 rias
438 3212 611 3280 resumet
704 3217 736 3264 14
754 3211 885 3264 sacimas
904 3212 953 3280 ra
1045 3215 1077 3263 15
1096 3208 1235 3285 purnes

225 3282 326 3337 audiri
346 3283 539 3352 olsceletnm
557 3284 578 3335 F
597 3283 748 3351 scelestum
768 3302 789 3350 φ
841 3288 873 3334 16
893 3281 995 3350 aliquis
1016 3285 1044 3335 et
1063 3297 1096 3334 ex
1113 3279 1237 3347 hospitio

224 3406 372 3475 Faliquie
391 3423 425 3462 ex
442 3407 606 3477 hospitiocp
697 3412 729 3459 17
749 3366 887 3459 affilas
974 3411 1006 3459 18
1026 3406 1092 3459 cedo
1112 3408 1144 3457 tu
1162 3421 1234 3471 eum,

224 3478 347 3532 uideant
359 3480 445 3549 Regio
459 3480 560 3533 cedotu
578 3494 642 3531 eum
659 3496 685 3531 u.
705 3478 757 3546 Fcp
777 3478 854 3545 cedo,
872 3480 905 3530 ut
919 3478 971 3530 Kr.
988 3477 992 3549 l
1010 3492 1054 3530 em
1067 3477 1165 3544 scripsi
1178 3494 1238 3529 com

223 3550 293 3618 Fp¹
320 3566 354 3604 en
372 3550 425 3605 Kr.
445 3554 490 3603 eni
514 3551 543 3618 (i.
564 3567 583 3604 e.
609 3566 652 3603 em
677 3551 708 3603 ia
738 3565 773 3602 en
803 3551 882 3617 corr.)
905 3569 926 3617 φ
1035 3554 1067 3601 19
1092 3548 1237 3617 scelestus]

224 3692 348 3746 sceletue
366 3692 389 3744 ll
460 3698 494 3745 22
511 3692 622 3748 hiccine
641 3692 691 3763 aa
707 3692 713 3765 l
729 3659 889 3748 sceldius?
907 3689 1051 3745 scelestus
1065 3709 1088 3756 a>
1098 3683 1271 3753 abactam

218 3764 248 3814 F
263 3761 346 3814 hcine
364 3783 386 3829 φ
404 3763 523 3833 hoccine
543 3766 593 3836 Fa
