3042 4300
286 391 350 454 184
559 389 589 441 L.
609 385 741 440 APVLEI
759 385 1019 440 MADAVRENSIS

188 489 268 540 zrsos.
282 499 298 538 f.
313 499 361 538 sss.
1241 494 1283 534 ns.
1299 494 1352 535 cua

193 576 208 615 r.
224 576 270 615 rsa.
284 557 435 634 praedico,
456 550 460 638 Ι
481 559 594 616 uestros
624 558 715 614 etiam
745 556 814 615 deos
843 556 1010 631 religiosius
1039 573 1171 613 ueneror.
1217 575 1295 613 nunc

285 665 401 721 quoque
423 647 517 723 igitur
538 646 718 721 principium
736 645 811 702 mihi
830 644 908 720 apud
927 647 1042 703 uestras
1062 644 1141 702 auris
1161 645 1294 719 auspica-

284 737 431 794 tissimum
460 735 496 793 ab
523 735 702 810 Aesculapio
730 733 785 792 deo
812 734 940 808 capiam,
973 734 1024 808 qui
1051 751 1148 792 arcem
1175 737 1295 792 nostrae

287 824 473 900 Carthaginis
503 823 693 883 indubitabili
724 823 846 880 numine
878 822 1026 896 propitius
1057 823 1181 896 respicit.
1233 823 1295 880 eius

284 913 332 971 dei
353 913 497 988 hymnum
519 931 625 990 graeco
652 914 683 969 et
709 912 804 970 latino
834 911 962 969 carmine
991 912 1076 970 uobis
1104 928 1167 970 ecce
1189 928 1295 969 canam
1321 933 1333 974 s

283 997 577 1080 iam<pridcm>illi
596 1019 678 1059 ame
697 1000 872 1060 dedicatum.
910 1018 975 1058 sum
994 1001 1072 1058 enim
1095 1019 1154 1060 non
1172 1001 1294 1077 ignotus

284 1092 365 1150 illius
388 1092 530 1150 sacmcola
552 1109 606 1148 nec
627 1108 728 1149 recens
751 1090 848 1148 cultor
869 1106 923 1147 neo
945 1089 1080 1165 ingratus
1104 1091 1236 1164 antistes,
1261 1108 1295 1148 ac

283 1181 398 1238 iamet
424 1199 528 1254 prorsa
556 1182 586 1238 et
612 1198 700 1238 uorsa
728 1178 869 1237 facundia
897 1180 1055 1236 ueneratus
1084 1197 1161 1252 sum,
1193 1180 1237 1236 ita
1261 1182 1352 1245 utpsa

285 1269 375 1326 etiam
397 1288 474 1327 nunc
496 1269 639 1343 hymnum
662 1269 724 1326 eius
746 1271 873 1343 utraque
895 1267 999 1344 lingua
1021 1283 1138 1341 canam,
1161 1269 1206 1325 cui
1232 1266 1294 1324 dia-

284 1359 387 1434 logum
414 1357 551 1416 similiter
582 1375 720 1433 graecum
752 1359 783 1415 et
814 1356 941 1414 latinum
972 1357 1139 1431 praetexui,
1170 1357 1202 1413 in
1236 1376 1294 1431 quo
1308 1380 1333 1419 10

285 1446 559 1504 sermocinabantur
582 1445 717 1504 Sabidius
746 1445 871 1504 Seuerus
899 1447 929 1503 et
955 1444 1049 1503 Iulius
1076 1444 1208 1518 Persius,
1235 1446 1294 1503 uiri
1308 1464 1349 1516 (ss)

285 1538 315 1593 et
337 1535 415 1593 inter
438 1554 468 1593 se
491 1537 594 1592 mutuo
618 1536 647 1592 et
669 1534 754 1593 uobis
778 1537 808 1592 et
829 1533 1013 1592 utilitatibus
1035 1533 1162 1609 publicis
1187 1535 1294 1592 merito

286 1624 465 1697 amicissimi,
488 1623 623 1680 doctrina
646 1624 676 1681 et
699 1624 868 1698 eloquentia
891 1625 922 1681 et
939 1621 1141 1680 beniuolentia
1157 1623 1294 1697 paribus:

285 1712 439 1784 incertum,
461 1711 606 1770 modestia
630 1712 789 1787 quietiores
813 1731 851 1770 an
873 1710 1021 1770 industria
1038 1712 1236 1786 promptiores
1257 1730 1294 1769 an

284 1800 443 1858 honoribus
474 1801 619 1859 clariores.
666 1800 771 1876 quibus
808 1820 875 1859 cum
911 1800 951 1859 sit
982 1818 1098 1858 summa
1129 1800 1333 1874 concordiam

285 1891 385 1947 tamen
407 1889 480 1948 haec
503 1891 566 1948 sola
590 1890 749 1948 aemulatio
774 1893 804 1948 et
825 1891 857 1947 in
879 1889 935 1947 hoc
957 1908 1050 1946 unum
1073 1892 1220 1947 certamen
1240 1893 1293 1962 est,

284 1980 351 2036 uter
383 1998 484 2037 eorum
514 1979 609 2055 magis
642 1977 852 2056 Carthaginem
889 1978 1009 2055 diligat,
1047 1979 1137 2052 atque
1169 1979 1295 2036 summis

284 2067 455 2126 medullitus
496 2067 610 2126 uiribus
650 2068 833 2126 contendunt
869 2067 970 2140 ambo,
1011 2068 1142 2125 uincitur
1182 2070 1294 2125 neuter.

285 2176 386 2215 eorum
409 2177 463 2235 ego
487 2176 650 2215 sermonem
671 2160 754 2217 ratus
784 2160 814 2216 et
843 2158 927 2215 uobis
958 2156 1062 2215 auditu
1091 2158 1295 2233 gratissimum

284 2241 353 2323 <et>
374 2247 448 2304 mihi
471 2247 636 2320 compositu
658 2249 867 2323 congruentem
895 2248 926 2304 et
947 2240 1042 2323 (deo)
1064 2245 1202 2304 dedicata
1225 2246 1292 2304 reli-
1307 2268 1332 2307 sc

188 2369 197 2407 ·.
250 2380 270 2408 8,
284 2335 414 2411 giosum,
443 2337 475 2392 in
504 2335 650 2410 principio
678 2335 747 2392 libri
776 2336 854 2408 facio
885 2334 1031 2410 quendam
1052 2328 1063 2413 11
1085 2354 1120 2393 ex
1149 2335 1210 2408 his,
1242 2335 1293 2409 qui

284 2424 358 2481 mihi
386 2424 511 2483 Athenis
540 2424 774 2499 condidicerrmt,
805 2424 974 2499 percontari
1005 2442 1023 2482 a
1049 2422 1150 2482 Persio
1181 2441 1295 2500 graece,

286 2531 360 2586 quae
391 2532 445 2589 ego
472 2512 567 2588 pridie
596 2513 628 2570 in
655 2514 767 2589 templo
794 2513 953 2588 Aesculapi
986 2512 1189 2585 disseruerim,
1221 2531 1294 2587 pau-

284 2601 428 2675 latimque
464 2602 524 2659 illis
557 2601 697 2660 Seuerum
735 2602 877 2678 adiungo,
914 2601 962 2660 cui
997 2602 1118 2659 interim
1153 2619 1294 2659 romanae

356 2845 372 2893 8
392 2840 425 2893 cf.
445 2841 548 2895 Auson.
568 2840 638 2910 prof.
657 2840 742 2894 Burd.
762 2800 840 2893 XXV
859 2846 901 2909 14,
919 2859 945 2910 p.
966 2845 1000 2893 67
1019 2840 1126 2910 Peiper.

357 3059 371 3106 1
391 3055 519 3125 ueneror]
538 3069 640 3107 uenero
660 3054 838 3125 Krorwaberp
856 3054 897 3108 cll.
913 3054 945 3106 cle
959 3054 1008 3107 deo
1022 3052 1095 3107 Scor.
1106 3070 1127 3107 c.
1139 3060 1155 3107 ὁ
1165 3072 1192 3122 p.
1206 3059 1246 3107 10.
1260 3060 1291 3106 11

286 3123 404 3193 (Goldh.)
461 3123 602 3193 2respioit
616 3126 655 3178 ed.
671 3125 801 3179 Romana
815 3123 973 3193 strepitFtp
1028 3124 1192 3194 ohyffiFp
1209 3125 1213 3195 1
1230 3141 1294 3179 ecee

286 3210 385 3248 canam
403 3198 501 3264 scripsi
518 3196 570 3272 hac
589 3212 688 3249 canam
706 3195 728 3248 F
747 3197 900 3249 heccanam
918 3216 940 3263 φ
1031 3199 1046 3247 6
1065 3195 1122 3247 iam
1141 3194 1294 3268 (pridem)

213 3267 215 3270 ’
285 3268 384 3334 scripsi
407 3267 482 3333 „iam
503 3268 618 3333 sonasse
640 3268 800 3321 deleredam“
819 3268 871 3321 Kr.
946 3265 1056 3319 ‘lillius
1080 3266 1223 3320 sacricola
1236 3267 1293 3321 Ga·

286 3338 391 3392 lisimas
409 3337 466 3390 illis
485 3337 611 3407 agricola
628 3337 677 3406 Ρφ
760 3343 790 3391 11
813 3336 1072 3392 sermocinabuntur
1089 3338 1173 3408 culpo
1192 3354 1293 3391 sermo-

286 3407 453 3461 cinabantur
471 3408 520 3477 Frp
540 3409 761 3463 sermocinantur
771 3408 823 3463 Kr.
840 3411 844 3477 Ι
861 3407 992 3461 Sabidius
1007 3407 1158 3463 Scriverius
1172 3408 1294 3463 Safidius

285 3478 338 3546 11φ
368 3482 372 3547 Ι
402 3479 524 3551 Persius]
544 3480 660 3534 Perseus
679 3480 730 3549 Ὲφ
813 3485 845 3532 12
864 3478 985 3549 puplicis
1004 3479 1040 3548 φ1
1120 3485 1154 3533 17
1172 3480 1293 3533 Kartha-

286 3549 351 3616 gine
370 3550 391 3601 F
411 3548 560 3618 cartagine
580 3571 613 3618 ‹p›
688 3556 722 3603 20
742 3549 858 3623 <et>-
869 3557 902 3603 21
912 3550 987 3604 facio
1006 3551 1160 3605 emendabit
1177 3552 1294 3620 Lipsius

283 3619 354 3670 mihi
375 3621 526 3689 composite
547 3624 746 3691 congruentem
775 3625 803 3675 et
832 3622 978 3675 dedicatur
1004 3619 1103 3690 religio
1130 3638 1238 3675 summo
1263 3623 1294 3674 in
1337 3668 1342 3675 ,

264 3687 415 3755 principio
432 3690 503 3745 libia·
520 3692 596 3747 ratio
614 3693 668 3764 Fa
684 3694 689 3766 Ι
706 3691 805 3769 (dec)
825 3694 933 3748 eddidit
954 3692 1128 3763 Kronenberg
1181 3700 1217 3746 22
1228 3693 1293 3746 Per-

253 3768 307 3805 seo
324 3758 382 3825 Ρφ
460 3769 499 3817 23
516 3765 672 3838 Esculapii
690 3789 714 3839 φ
