3042 4300
647 374 829 430 APOLOGIA
1200 374 1242 439 39

187 484 285 526 111111
1179 483 1195 524 f.
1210 484 1272 525 rme.
1285 483 1302 524 r.
1315 486 1332 525 a

231 544 354 603 huiusce
386 543 594 618 deliramenta,
624 561 706 602 orsus
738 541 774 601 ab
805 561 839 601 eo
868 541 946 617 quod
978 542 1015 601 ad
1047 542 1243 619 suspicionem

232 633 350 710 magiae
370 633 454 707 quasi
468 632 687 692 ualidissimum
704 632 736 689 in
755 631 901 708 principio
920 630 978 689 dici
997 632 1243 708 animaduertisti,

232 722 377 782 nonnulla
400 741 446 779 me
464 721 590 797 piscium
608 738 717 799 genera
734 739 788 796 per
807 718 949 797 quosdam
966 721 1128 796 piscatores
1146 721 1242 798 pretio

233 811 392 886 quaesisse.
437 812 538 869 utrum
560 810 653 887 igitur
674 810 781 870 horum
805 809 843 868 ad
863 809 1092 885 suspectandam
1112 810 1244 886 magiam

205 897 337 959 sualet'?
361 898 476 974 quodne
498 899 659 974 piscatores
676 899 750 956 mihi
768 898 879 977 piscem
898 895 1108 973 quaesierunt?
1129 899 1244 958 scilicet

231 1007 302 1065 ergo
321 987 535 1064 phrygionibus
555 990 607 1047 aut
624 986 716 1046 fabris
734 987 888 1064 negotium
906 987 986 1045 istud
1000 987 1130 1046 dandum
1143 987 1243 1062 fuisse,

234 1080 325 1152 atque
347 1077 392 1136 ita
414 1095 505 1154 opera
528 1077 668 1152 cuiusque
693 1077 765 1135 artis
788 1076 994 1151 permutanda,
1017 1076 1043 1135 si
1065 1076 1173 1134 uellem
1195 1095 1243 1134 ca-

231 1165 354 1224 lumniis
376 1167 483 1225 uestris
505 1166 612 1240 uitare,
639 1167 674 1224 ut
695 1163 779 1223 faber
801 1164 874 1222 mihi
895 1164 1008 1240 piscem
1031 1167 1186 1239 euerreret,
1209 1168 1243 1223 ut

230 1255 364 1332 piscator
386 1257 490 1312 mutuo
512 1255 627 1332 lignum
649 1253 809 1313 dedolaret.
856 1273 894 1312 an
924 1273 959 1312 ex
989 1271 1023 1312 eo
1054 1253 1242 1313 intellexistis

191 1362 219 1402 10
232 1343 378 1402 maleficio
413 1343 515 1419 quaeri
550 1343 721 1419 pisciculos,
758 1341 837 1417 quod
872 1342 969 1418 pretio
1005 1340 1242 1424 quaerebantur?

233 1432 329 1507 oredo,
352 1432 378 1491 si
401 1432 538 1491 conuiuio
560 1433 677 1507 uellem,
704 1431 798 1509 gratis
823 1431 1010 1506 qrmesissern,
1056 1432 1128 1509 quin
1150 1431 1244 1508 igitur

233 1522 326 1580 etiam
344 1541 379 1580 ex
402 1521 469 1580 aliis
491 1521 642 1596 plerisque
665 1540 712 1580 me
735 1517 883 1598 arguitis?
910 1539 980 1579 nam
1004 1538 1095 1596 saepe
1121 1539 1244 1579 numero

235 1613 266 1669 et
288 1610 392 1668 uinum
415 1612 445 1668 et
463 1611 527 1669 olus
551 1613 581 1670 et
602 1629 724 1686 pomum
747 1611 778 1668 et
799 1628 908 1684 panem
929 1609 1026 1685 pretio
1046 1609 1172 1668 mutaui.
1209 1627 1244 1668 eo

187 1713 219 1765 ss)
232 1701 323 1774 pacto
347 1698 565 1776 cuppedinariis
588 1699 723 1758 omnibus
753 1699 863 1757 famem
890 1697 1029 1757 decernis.
1076 1698 1141 1774 quis
1166 1698 1245 1757 enirn

192 1805 219 1846 11
233 1788 271 1846 ab
303 1787 363 1847 illis
395 1787 539 1847 obsonare
571 1788 704 1862 audebit,
738 1787 766 1846 si
799 1787 919 1862 quidem
950 1787 1107 1862 statuitur,
1145 1787 1244 1847 omnis

233 1875 333 1935 edulia
366 1896 440 1952 quac
472 1877 600 1952 depenso
630 1878 776 1952 parantur
811 1896 871 1935 non
903 1894 1005 1950 cenae,
1041 1876 1092 1934 sed
1127 1877 1244 1953 magiae

236 1962 418 2024 desiderari?
449 1964 527 2040 quod
556 1966 582 2024 si
611 1965 687 2024 nihil
715 1966 849 2023 remanet
878 1963 1067 2039 suspicionis,
1096 1983 1190 2038 neque
1212 1964 1244 2021 in

187 2069 224 2108 m.
233 2054 431 2130 piscatoribus
454 2053 586 2113 mercede
609 2053 745 2111 inuitatis
770 2051 808 2110 ad
831 2052 909 2127 quod
937 2052 1032 2110 solent
1059 2046 1111 2131 [ad
1134 2053 1245 2128 piscem

234 2135 428 2222 capiundum]
451 2162 591 2219 —quos
620 2144 721 2201 tamen
750 2142 847 2202 nullos
879 2139 916 2199 ad
944 2140 1148 2201 testimonium
1175 2160 1243 2217 pro·

194 2252 220 2291 ao
237 2231 353 2306 duxere,
377 2233 487 2309 quippe
511 2232 562 2307 qui
585 2232 659 2289 nulli
682 2232 803 2289 fuerunt
817 2262 869 2305 —,
892 2249 987 2305 neque
1009 2229 1041 2288 in
1064 2231 1129 2305 ipso
1147 2230 1244 2305 pretio

231 2321 277 2380 rei
299 2321 423 2396 uenalis,
451 2321 533 2380 cuius
554 2323 656 2379 tamen
680 2319 879 2395 quantitatem
900 2318 1014 2377 nullam
1036 2321 1185 2393 taxauere,
1207 2337 1244 2377 ne

232 2410 261 2468 si
277 2410 424 2469 mediocre
442 2410 572 2485 pretium
589 2408 741 2483 dixissent,
763 2410 1009 2482 contemneretur,
1031 2408 1057 2467 si
1074 2408 1244 2510 plurimun,

233 2518 293 2557 non
323 2499 502 2573 crederetur3
532 2499 558 2557 si
585 2498 619 2555 in
647 2498 709 2572 his,
738 2499 773 2555 ut
804 2497 883 2571 dico,
912 2497 996 2555 nulla
1030 2497 1159 2574 suspicio
1187 2498 1244 2556 est:

233 2587 411 2663 respondeat
442 2586 517 2645 mibi
546 2586 744 2662 Aemilianus,
770 2581 774 2665 l
799 2605 857 2661 quo
883 2580 894 2665 l
919 2586 1053 2662 proximo
1087 2586 1173 2663 signo
1207 2578 1275 2671 ad}¹
1289 2580 1332 2673 ff*

193 2696 219 2736 as
234 2676 454 2735 accusationem
474 2675 591 2753 magiae
613 2675 655 2733 sit
676 2675 823 2734 inductus.

301 2758 433 2839 ‘Pisces',
453 2765 565 2840 inquit,
588 2759 738 2839 ‘quaeris'.
783 2763 852 2823 nolo
882 2782 998 2841 negare.
1045 2763 1096 2823 sed
1123 2782 1175 2822 oro
1200 2765 1245 2822 te:
1259 2762 1332 2821 m

235 2852 286 2927 qui
304 2853 399 2928 pisces
420 2854 545 2928 quaerit,
562 2870 667 2929 magus
686 2849 751 2911 cst?
776 2852 911 2927 equidem
924 2871 984 2910 non
997 2853 1093 2929 magis
1109 2852 1244 2924 arbitror,

235 2961 325 3016 quam
348 2942 374 3001 si
396 2942 510 3017 lepores
535 2960 705 3017 quaererem
727 2941 777 2999 uel
801 2959 888 3016 apros
911 2942 961 2999 uel
984 2942 1088 3000 altilia.
1132 2959 1169 2997 an
1188 2939 1243 2998 soli

306 3144 528 3214 lsuspicionem
545 3146 594 3215 Fp
666 3151 683 3199 4
701 3144 809 3215 magias
827 3145 913 3211 fcit
901 3162 934 3199 uc
950 3144 973 3198 F
990 3144 1037 3199 sed
1052 3143 1245 3212 superscripsit

234 3222 355 3271 1112111
445 3222 461 3269 6
485 3216 722 3286 1111113111111111111
747 3215 916 3285 frigionibus
943 3234 964 3284 φ
1055 3219 1070 3267 7
1096 3212 1243 3266 calumniis

233 3340 310 3463 urish
234 3330 333 3394 —F
351 3340 518 3409 calumpniis
536 3340 638 3394 uestris
658 3361 679 3408 φ
751 3346 768 3393 9
785 3339 920 3393 1111111101Ὶ
939 3340 967 3409 (a
985 3354 1017 3393 11
1034 3355 1055 3391 u
1072 3344 1178 3393 mutatu
1196 3341 1243 3408 est)

236 3470 269 3517 13
307 3465 367 3520 olus
387 3466 408 3518 F
426 3464 548 3534 holusp
577 3465 582 3536 1
610 3482 736 3534 pomutp
834 3470 868 3517 14
887 3460 1135 3545 cuppidjinariistp
1155 3461 1226 3531 (id
1213 3480 1245 3517 aa

234 3538 301 3619 rqs.)
391 3541 424 3589 16
444 3536 583 3604 depenso
602 3536 651 3605 Fq
724 3541 758 3589 17
777 3534 931 3589 desiderari
948 3534 997 3601 Fu
1017 3533 1153 3588 destinari
1172 3533 1245 3587 Ful·

234 3608 300 3661 cc'us
315 3607 320 3677 Ι
336 3606 503 3675 suspicionis
496 3554 571 3676 qu
667 3612 699 3660 18
718 3606 876 3660 merccdc'
865 3623 936 3673 anu
954 3621 989 3658 m.
1008 3621 1030 3660 r.
1050 3606 1114 3659 cdd.
1133 3606 1165 3657 ia
1182 3622 1245 3675 rap„

235 3678 267 3731 in
292 3683 368 3732 textu
401 3680 473 3732 deest
507 3681 511 3743 Ι
547 3678 597 3749 [ad
623 3677 730 3746 piscem
748 3675 930 3745 capiundum]
958 3675 1065 3731 seclusit
1090 3674 1246 3731 Scriverius

237 3753 268 3801 21
284 3747 433 3801 nulluml'
505 3749 721 3817 231111111111111Ἰ
