3042 4300
282 380 326 444 64
559 378 589 431 L.
608 375 741 430 APVLEI
758 376 1019 430 MADAVRENSIS

188 491 265 532 «1152.
280 490 295 527 f.
310 491 356 529 132.
1243 485 1283 524 Ed.
1298 485 1344 526 Oud

242 549 474 608 Lincitamenta
492 549 569 605 sunt.
616 565 742 620 quorum
761 566 776 605 e
795 565 917 604 numero
935 547 1095 621 praecipua
1114 546 1154 604 sit
1172 547 1295 604 materia

282 638 377 696 morbi
401 636 567 709 comitialis,
590 634 626 693 de
651 654 708 710 quo
731 635 828 693 dicere
852 653 971 693 exorsus
994 654 1068 709 sum,
1092 654 1160 693 cum
1179 653 1247 693 caro
1265 636 1295 693 in
1308 651 1344 702 (su

282 729 434 785 humorem
457 743 588 784 crassum
612 728 641 783 et
664 723 834 799 spumidum
856 725 976 783 inimico
1003 725 1068 800 igni
1095 724 1296 799 conliquescit,

284 820 314 874 et
336 816 443 891 spiritu
466 814 597 872 indidem
618 816 705 888 parto
725 832 760 870 ex
779 812 904 872 candore
923 815 1084 889 compressi
1103 815 1178 872 aeris
1199 814 1296 873 albida

283 909 312 963 et
334 904 450 963 tumida
471 904 555 962 tabes
578 902 652 960 fluit.
699 921 733 959 ea
756 921 884 977 namque
907 903 991 962 tabes
1015 903 1040 960 si
1062 904 1142 961 foras
1167 904 1296 978 corporis
1321 922 1331 962 5

190 1015 204 1053 1.
220 1015 267 1056 iet.
281 994 477 1070 prospirauit,
503 993 614 1050 maiore
637 990 778 1049 dedecore
801 1011 891 1066 quam
918 1011 994 1050 noxa
1023 991 1206 1049 diffunditur.
1247 1011 1296 1067 pe-

282 1085 372 1142 ctoris
397 1084 475 1141 enim
500 1082 660 1156 primorem
685 1081 778 1138 cutim
803 1081 952 1157 uitiligine
977 1072 1113 1162 inlsignit
1143 1084 1173 1139 et
1204 1083 1296 1139 omni-

282 1173 377 1231 modis
399 1170 648 1229 maculationibus
670 1170 838 1228 conuariat:
871 1169 922 1228 sed
945 1171 993 1228 cui
1015 1170 1070 1228 hoc
1093 1189 1150 1228 usu
1173 1171 1296 1244 uenerit,

282 1281 435 1336 nunquam
457 1262 561 1334 postea
585 1259 728 1316 comitiali
746 1260 849 1317 morbo
878 1258 1088 1334 adtemptatur.
1133 1260 1178 1317 ita
1202 1261 1296 1335 aegri-

282 1351 417 1409 tudinem
440 1349 532 1406 animi
555 1349 763 1423 grauissimam
786 1348 846 1406 leui
864 1348 1049 1424 turpitudine
1069 1349 1200 1422 corporis
1219 1367 1295 1407 com·
1308 1369 1331 1406 11

282 1443 396 1516 pensat.
443 1439 592 1495 enimuero
616 1438 642 1495 si
663 1437 830 1511 perniciosa
857 1437 911 1496 illa
934 1437 1037 1496 albedo
1061 1439 1142 1495 intus
1166 1437 1296 1495 cohibita
1309 1451 1344 1503 (eos

284 1533 313 1587 et
335 1529 390 1586 bili
418 1529 499 1584 atrae
529 1527 642 1584 sociata
664 1527 748 1584 uenis
773 1526 908 1585 omnibus
930 1527 1030 1585 furens
1055 1527 1201 1602 peruasit,
1230 1526 1296 1585 dein

284 1616 321 1675 ad
345 1635 492 1675 summum
514 1616 605 1688 caput
627 1615 708 1672 uiam
730 1616 837 1673 molita
860 1615 957 1673 dirum
975 1616 1087 1673 fluxum
1105 1616 1224 1674 cerebro
1243 1617 1295 1672 im·

282 1706 411 1779 miscuit,
433 1705 502 1762 ilico
520 1704 651 1779 regalem
669 1707 786 1778 partem
805 1705 897 1761 animi
916 1704 1062 1779 debilitat,
1086 1723 1161 1779 quae
1180 1705 1296 1763 ratione

282 1794 397 1870 pollens
427 1794 569 1851 uerticem
597 1793 725 1851 hominis
755 1793 839 1851 uelut
869 1813 966 1852 arcem
990 1795 1020 1852 et
1041 1795 1156 1870 regiam
1178 1794 1295 1852 insedit
1310 1815 1332 1855 15

284 1886 346 1943 eius
376 1884 486 1958 quippe
516 1881 634 1940 diuinas
663 1883 728 1940 uias
760 1884 790 1939 et
820 1884 963 1957 sapientis
992 1886 1108 1941 meatus
1139 1882 1239 1941 obruit
1269 1885 1298 1941 et

284 1974 436 2032 obturbat:
467 1971 546 2047 quod
575 1972 649 2029 facit
670 1972 785 2029 minore
807 1973 937 2046 pernicie
967 1991 1020 2048 per
1049 1990 1201 2046 soporem,
1231 1991 1297 2031 cum

282 2065 356 2139 potu
376 2065 406 2121 et
424 2062 489 2120 cibo
511 2062 614 2136 plenos
638 2061 796 2119 comitialis
819 2061 915 2119 morbi
932 2062 1111 2136 praenuntia
1129 2061 1297 2138 strangula-

283 2156 364 2211 tione
396 2152 509 2210 modice
543 2152 634 2228 angit.
685 2151 736 2209 sed
767 2153 792 2209 si
826 2170 919 2225 usque
950 2151 1022 2209 adeo
1053 2153 1140 2209 aucta
1174 2154 1232 2225 est,
1264 2153 1298 2208 ut

284 2244 375 2301 etiam
397 2241 590 2317 uigilantium
612 2241 705 2314 capiti
733 2237 918 2315 offundatur,
947 2242 1013 2298 tum
1042 2258 1112 2298 uero
1142 2240 1297 2315 repentino
1311 2261 1335 2300 ao

283 2332 391 2390 mentis
417 2330 519 2386 nubilo
550 2330 759 2402 obtorpescunt
785 2323 795 2406 ΙΙ
823 2332 852 2387 11
881 2328 1055 2387 moribundo
1085 2348 1207 2404 corpore
1237 2348 1297 2387 ces·

285 2422 368 2478 sante
392 2420 491 2476 animo
519 2416 637 2474 cadunt.
684 2436 751 2475 eum
778 2419 873 2475 nostri
900 2438 959 2476 non
986 2418 1074 2476 modo
1101 2419 1246 2476 maiorem
1269 2420 1298 2477 et

285 2507 474 2580 comitialem,
496 2524 601 2563 uerum
624 2506 714 2563 etiam
737 2505 873 2563 diuinum
895 2506 1044 2581 morbum,
1066 2508 1111 2565 ita
1134 2511 1168 2565 ut
1192 2505 1297 2566 Graeci

285 2594 367 2675 ἱερὰν
390 2593 492 2670 νόσον,
514 2613 583 2653 1111
606 2596 829 2670 nuncuparunt:
852 2594 991 2653 uidelicet
1014 2595 1092 2671 quod
1116 2597 1208 2653 animi
1229 2616 1297 2671 par-

283 2689 345 2744 tem
367 2684 557 2757 rationalem,
588 2702 663 2757 quae
693 2684 781 2759 longe
812 2685 998 2743 sanctissima
1021 2687 1079 2759 est,
1107 2704 1172 2743 eam
1196 2686 1297 2744 uiolet
1311 2705 1336 2746 aa

231 2779 272 2837 LI
352 2774 513 2850 AgnosciS,
542 2772 686 2846 Maxime,
715 2774 862 2830 rationem
884 2772 1019 2832 Platonis
1044 2776 1189 2849 quantum
1211 2776 1297 2849 potui

286 2884 341 2940 pro
354 2866 487 2937 tempore
502 2862 655 2936 perspicue
679 2862 865 2936 explicatam,
888 2864 936 2920 eui
955 2882 1009 2939 ego
1027 2863 1116 2922 fidem
1135 2864 1297 2922 arbitratus

357 3093 389 3139 21
410 3084 445 3139 cf.
464 3084 531 3137 Met.
550 3083 614 3136 Vm
633 3087 658 3149 a,
676 3100 702 3151 p.
725 3089 784 3137 1ca.
797 3090 837 3138 13.

358 3278 540 3349 3cliquescit
558 3278 606 3346 Fe
715 3278 893 3347 lepiritul'
915 3279 1084 3351 spiritumrp
1115 3286 1118 3351 Ι
1148 3285 1230 3350 parto
1249 3283 1296 3350 Fe

288 3360 320 3406 11
340 3353 440 3407 albedo
461 3351 574 3406 Uolscius
587 3349 628 3418 (τὸ
642 3350 743 3404 λευκὸν
757 3349 867 3420 φλέγμα
887 3352 979 3421 Plato)
1008 3353 1126 3407 dulcedo
1145 3354 1194 3422 Fu
1223 3369 1297 3407 muc-

286 3424 354 3478 cedo
378 3423 530 3478 Vulcacius
607 3426 641 3472 14
658 3419 724 3474 ilico
744 3422 806 3490 F¹rp
889 3428 922 3476 15
941 3424 1027 3477 uelud
1045 3425 1066 3477 F
1084 3429 1087 3494 Ι
1104 3427 1133 3478 11
1150 3424 1296 3495 regiamp

287 3494 469 3565 egregiamF
495 3493 558 3561 (sed.
577 3509 611 3547 aa.
631 3493 748 3560 antiqua
773 3510 807 3561 gr
831 3511 865 3547 cc
889 3495 917 3546 tr
938 3498 1017 3565 corr.)
1109 3501 1141 3549 16
1162 3495 1297 3565 sapientis

287 3567 336 3636 Ρφ
366 3569 370 3634 Ι
400 3564 521 3619 obstruit
546 3567 575 3617 et
600 3562 714 3617 obturat
741 3563 864 3619 Fuluius
959 3571 992 3620 18
1018 3567 1252 3691 strandussali‘lne
1276 3564 1297 3618 F

1052 3651 1080 3691 ae
1102 3653 1129 3681 m.
1143 3654 1204 3692 aaa

278 3686 367 3749 alin
383 3690 411 3741 F
425 3671 490 3755 2597
508 3686 592 3743 νόσον
611 3689 642 3742 ab
661 3705 713 3759 my.
732 3690 863 3757 repetitor
946 3696 979 3744 25
998 3691 1047 3745 lon
1101 3713 1122 3760 φ
1224 3694 1228 3759 Ι
1244 3690 1297 3759 111]

260 3761 295 3810 in
311 3759 343 3809 F
355 3775 472 3813 erasum
490 3766 539 3829 eet,
558 3760 589 3815 in
611 3783 647 3832 φε
666 3769 711 3835 [ὁ]
731 3762 775 3834 (irc
793 3763 862 3833 113.)
