3042 4300
289 390 354 454 114
565 387 596 442 L.
616 386 748 441 APVLEI
767 385 1025 442 MADAVRENSIS

178 503 194 542 f.
208 500 270 544 mn.
284 499 301 538 f.
315 499 363 540 sib.
1245 497 1288 538 lod
1299 496 1358 539 ouis

288 559 386 617 animo
409 556 569 616 liberorum
592 558 761 631 caritatem,
789 575 847 632 qno
874 555 996 616 liberius
1020 559 1051 616 et
1069 557 1162 617 artius
1186 556 1300 617 desola-

286 652 350 708 tam
376 647 532 705 mulierem
556 646 636 706 solus
658 643 860 723 possiderem?
895 645 954 706 fuit
976 664 1032 704 nae
1059 645 1115 706 hoc
1139 645 1299 722 praedonis

287 755 372 813 quem
394 755 447 796 nos
470 734 592 814 fingitis.
638 753 692 812 ego
711 753 782 793 uero
805 734 914 809 quietis
938 737 968 793 et
991 735 1164 795 concordiae
1183 738 1214 795 et
1231 734 1358 812 pie-niort

286 828 360 886 tatis
384 828 496 900 auctor,
518 824 702 898 conciliator,
723 822 837 882 fauisor
858 843 918 882 non
940 824 1027 883 modo
1050 842 1130 884 nous
1153 823 1222 884 odia
1239 842 1302 883 non

221 916 224 922 ’
287 916 380 990 serui,
410 915 461 975 sed
488 917 589 974 uetera
612 932 729 989 quoque
750 911 885 972 funditus
909 912 1064 990 extis-paui.
1110 914 1192 973 suasi
1214 913 1300 972 uxori
1325 937 1337 978 5

285 1024 378 1079 meae,
401 1005 484 1063 cuius
499 1036 543 1045 -
556 1006 592 1062 ut
613 1003 665 1062 isti
688 1002 830 1061 aiunt-
848 1002 909 1061 iam
931 1003 1084 1062 uniuersas
1108 1020 1178 1079 opes
1202 1005 1300 1061 trans·
1313 1021 1358 1075 (aas)

286 1112 433 1169 uoraram,
461 1092 550 1166 suasi,
575 1092 710 1167 inquam,
732 1107 767 1148 ac
790 1089 914 1166 donique
936 1092 1082 1166 persuasi,
1103 1093 1139 1149 ut
1160 1090 1231 1151 filiis
1250 1111 1301 1167 pe·

287 1184 405 1242 cuniam
428 1201 513 1241 snam
535 1179 769 1258 reposcentibus,
784 1211 829 1220 -
842 1180 878 1239 de
901 1199 960 1254 quo
983 1198 1073 1257 supra
1096 1179 1230 1239 dixeram
1247 1211 1302 1256 -,

286 1275 321 1330 ut
344 1290 409 1331 eam
431 1269 588 1347 pecuniam
610 1270 673 1328 sine
695 1286 780 1326 mora
796 1269 932 1328 redderet
949 1270 981 1327 in
998 1267 1117 1345 praedis
1135 1268 1192 1328 uili
1211 1269 1301 1328 aesti-

286 1361 376 1420 matis
400 1363 431 1419 et
453 1363 566 1436 quanto
592 1358 652 1433 ipsi
679 1357 833 1434 uolebant,
862 1360 1017 1434 praeterea
1044 1377 1079 1416 ex
1101 1377 1134 1416 re
1156 1356 1301 1416 familiari
1314 1381 1338 1422 ιο

287 1469 341 1509 suc
371 1449 622 1508 fructuosissimos
654 1464 740 1523 agros
773 1449 804 1504 et
835 1445 978 1526 grandem
1009 1447 1129 1506 domum
1158 1447 1301 1523 opulente

287 1541 424 1599 ornatam
446 1554 644 1615 magnamque
666 1535 730 1593 uim
751 1534 846 1595 tritici
869 1538 900 1594 et
921 1535 1024 1595 hordei
1047 1538 1077 1594 et
1094 1534 1159 1594 uini
1177 1539 1209 1594 et
1227 1534 1301 1594 oliui

288 1630 510 1702 ceterorumque
536 1627 700 1685 fructuum:
728 1642 829 1685 seruos
858 1643 974 1700 qnoque
1000 1624 1081 1683 haud
1104 1624 1203 1684 minus
1227 1642 1301 1700 qua·

288 1715 474 1793 dringentos,
510 1733 617 1792 pecora
651 1714 778 1788 amplius
810 1733 906 1789 neque
936 1732 1032 1790 pauca
1064 1732 1159 1788 neque
1191 1711 1302 1773 abiecti

286 1805 377 1881 pretii
399 1804 532 1880 donaret,
553 1806 589 1863 ut
611 1821 663 1863 eos
688 1804 719 1862 et
741 1821 777 1862 ex
800 1822 834 1862 ea
857 1805 943 1878 parte
965 1821 1054 1878 quam
1077 1802 1235 1861 tribuisset
1257 1819 1301 1862 se·
1314 1825 1339 1866 u

288 1912 372 1953 curos
394 1893 516 1954 haberet
538 1895 568 1952 et
591 1891 630 1951 ad
654 1895 753 1952 cetere
775 1891 948 1951 hereditatis
971 1891 1049 1951 bons
1071 1909 1123 1967 spe
1147 1892 1301 1951 inuitaret.

286 1984 360 2042 haec
383 2001 437 2060 ego
461 1982 497 2042 ab
520 1982 617 2041 inuita
640 1981 813 2041 Pudentilla
835 2013 879 2022 —
901 1981 1035 2056 patietur
1061 1981 1140 2040 enim
1166 1999 1228 2054 me,
1255 1979 1302 2039 uti

284 2091 334 2132 res
354 2070 427 2147 fuit,
447 2063 452 2154 Ι
472 2072 517 2130 ita
539 2071 634 2131 dicere
657 2102 701 2112 —
724 2088 812 2149 aegre
834 2068 944 2144 extudi,
965 2068 1136 2147 ingentibus
1160 2068 1299 2146 precibus
1312 2085 1358 2138 (csrj

285 2162 400 2221 inuitae
423 2165 453 2221 et
474 2162 569 2220 iratae
596 2160 721 2235 extorsi,
749 2162 876 2219 matrem
902 2159 972 2218 filiis
1001 2158 1210 2234 reconciliaui,
1238 2158 1300 2235 pri·

287 2252 393 2329 uignos
429 2268 510 2309 meos
545 2250 641 2326 primo
677 2250 733 2308 hoc
767 2248 870 2308 uitrici
909 2247 1066 2324 beneficio,
1104 2245 1212 2326 mandi
1248 2267 1300 2324 po-
1314 2271 1339 2313 a

288 2358 375 2398 cuma
399 2359 475 2397 auxi.

182 2427 278 2487 XOEV
355 2426 513 2505 Cognitum
541 2427 605 2486 hoc.
620 2430 665 2486 est
691 2429 757 2486 tota
784 2425 923 2485 ciuitate>
960 2425 1100 2484 Rufinum
1127 2443 1228 2485 omnes
1252 2444 1301 2484 ex-

290 2516 381 2576 ecrati
408 2535 455 2575 me
482 2515 619 2575 laudibus
650 2516 755 2574 tulere.
805 2517 927 2574 uenerat
959 2514 997 2573 ad
1028 2532 1095 2590 nos,
1125 2513 1302 2591 priusquam

289 2605 377 2664 istum
404 2604 593 2664 donationem
619 2599 755 2683 (motor)
784 2603 950 2681 perficeret,
981 2622 1048 2663 cum
1074 2602 1215 2663 dissimili
1240 2604 1301 2663 isto

288 2695 380 2753 fratre
403 2711 456 2753 suo
478 2692 655 2753 Pontianus:
682 2694 771 2770 pedes
799 2696 915 2753 nostros
943 2691 1102 2752 aduolutus
1125 2692 1248 2751 ueniam
1271 2694 1340 2757 etse

290 2782 470 2842 obliuionem
505 2783 734 2859 praeteritorum
771 2782 902 2842 omnium
936 2782 1123 2858 postularat,
1163 2780 1236 2841 flens
1271 2784 1302 2840 et

288 2890 393 2931 manus
425 2873 541 2931 nostras
574 2871 793 2931 osculabundus
825 2889 860 2930 ac
891 2869 990 2930 dicens
1022 2869 1186 2947 paenitere,
1220 2870 1302 2946 quod

360 3039 584 3168 suffitum
603 3046 650 3110 11,
677 3058 704 3110 p.
726 3045 826 3109 ro.11;
849 3039 900 3093 vu
923 3045 952 3107 4,
971 3057 997 3109 p.
1019 3045 1077 3094 uo.
1090 3044 1122 3092 13
1142 3042 1173 3095 et
1194 3038 1233 3093 IX
1257 3043 1301 3107 ac,

394 3129 421 3181 p.
495 3154 501 3166 .

360 3278 376 3326 2
394 3271 450 3325 fuit
467 3287 521 3326 nae
539 3271 593 3325 hoc
609 3272 690 3326 Hild.
709 3271 800 3325 fuitne
819 3271 871 3327 Kr.
971 3276 987 3324 3
1006 3285 1089 3339 quem
1107 3261 1206 3341 scripsi
1223 3269 1300 3338 quod

288 3344 348 3398 odd.
378 3344 413 3410 cf.
439 3348 543 3397 litio
641 3342 790 3397 lfauisor
816 3343 866 3413 Fe
898 3361 949 3415 my.
982 3341 1004 3395 F
1035 3343 1126 3397 babet:
1155 3340 1301 3412 ’‘(fauisot

290 3414 402 3469 osemi
424 3414 474 3483 Γφ
503 3417 508 3483 Ι
537 3413 676 3483 extirpani
694 3414 743 3484 Fu
830 3413 968 3484 9pdisl*
998 3416 1002 3483 Ι
1034 3411 1300 3471 uiliaestimattisl*

288 3484 564 3555 uiliavestimatisp
588 3486 691 3556 (incasit
708 3502 742 3539 m.
761 3485 795 3554 r.)
886 3491 919 3539 10
937 3485 978 3556 re]
997 3483 1025 3539 se
1042 3483 1092 3555 Fp
1168 3489 1202 3538 12
1221 3482 1299 3539 ordei

289 3556 338 3625 Pp
394 3561 426 3609 13
446 3573 510 3611 cccc
527 3556 576 3625 Fp
632 3555 1127 3628 lbetom.ptparteuocom.l¹
1184 3560 1287 3624 1cepe

289 3626 350 3696 spei
367 3626 417 3696 Fp
517 3631 550 3680 1⁷
583 3629 646 3699 ego]
675 3642 740 3697 ergo
768 3626 817 3697 Fe
847 3628 852 3700 Ι
882 3626 979 3681 extudi
1005 3626 1055 3697 Ρφ
1087 3630 1154 3699 (coo
1186 3624 1288 3681 exaudi

277 3702 316 3747 21
330 3697 419 3750 istam
436 3697 490 3769 Ρφ
511 3697 572 3753 ista
589 3714 652 3754 cum
678 3698 759 3754 Hild.
781 3698 833 3755 Kc.
858 3698 866 3772 l
888 3696 1020 3772 <metm
1037 3699 1122 3769 uolgo
1140 3699 1273 3755 moedau
1291 3695 1296 3769 Ι

263 3767 300 3826 ῌρ
317 3782 428 3837 eumq>
504 3776 544 3826 27
560 3771 735 3843 peniteret*
