3042 4300
1129 999 1197 1037 Leur.
1260 999 1328 1040 Lacr.

175 1049 196 1089 d.
210 1048 312 1090 Oudend.
1101 1051 1223 1092 mma
1236 1051 1352 1094 XXVIIII

188 1104 276 1144 vol.11.
1122 1106 1138 1144 f.
1152 1106 1213 1145 1041).
1273 1108 1289 1147 f.
1304 1111 1337 1148 la.

173 1158 243 1252 Q)
326 1161 428 1224 Certus
451 1163 587 1241 equidem
610 1183 691 1223 eram
712 1183 825 1240 proque
848 1182 918 1222 uero
938 1163 1115 1239 obtinebam,
1138 1165 1266 1225 Maxime
1289 1168 1304 1225 I

260 1251 366 1311 Claudi
388 1253 496 1329 quique
519 1253 551 1311 in
574 1253 697 1312 oonsilio
720 1255 801 1328 estis,
825 1252 968 1311 Sicinium
989 1253 1199 1328 Aemilianum,
1222 1273 1266 1313 se-

258 1359 327 1399 nem
349 1343 520 1401 notissimae
542 1341 735 1417 temeritatis,
759 1343 976 1401 accusationem
999 1344 1057 1400 mei
1079 1345 1162 1421 prius
1187 1343 1266 1419 apud

257 1433 288 1488 te
313 1433 450 1506 coeptam
479 1450 569 1507 quam
598 1431 677 1507 apud
707 1450 737 1491 se
767 1431 930 1507 cogitatam
958 1433 1082 1506 penuria
1110 1433 1267 1491 eriminum

233 1519 330 1579 aeolis
354 1520 493 1578 conuiciis
516 1521 716 1595 impleturum.
763 1520 872 1596 quippe
900 1521 1067 1579 insimulari
1095 1522 1193 1597 quiuis
1221 1523 1265 1580 in·

256 1627 365 1668 nocens
391 1612 505 1684 potest,
533 1610 646 1668 reuinci
675 1610 733 1668 nisi
763 1627 870 1668 nocens
893 1627 953 1667 non
975 1612 1082 1684 potest.
1129 1630 1187 1685 quo
1211 1630 1265 1688 ego

257 1717 326 1756 uno
338 1699 496 1774 praecipue
519 1698 645 1757 confisus
668 1699 803 1775 gratulor
825 1696 939 1756 medius
961 1697 1062 1772 fidius,
1091 1699 1169 1773 quod
1191 1701 1265 1757 mihi

257 1787 343 1862 copia
370 1789 401 1845 et
428 1788 555 1846 facultas
582 1791 612 1846 te
642 1787 737 1846 iudice
766 1787 876 1862 optigit
905 1785 1077 1863 purgandae
1106 1788 1185 1863 apud
1211 1790 1265 1846 im-

256 1877 368 1951 peritos
398 1875 602 1952 philosophiae
637 1879 667 1934 et
695 1875 841 1952 probandi
870 1876 937 1933 mei.
990 1894 1160 1950 quanquam
1189 1877 1265 1935 istae

219 1985 244 2024 ro
258 1965 423 2023 calumniae
452 1969 487 2024 ut
514 1967 612 2041 prima
641 1967 737 2040 specie
767 1982 889 2041 graues,
917 1965 963 2021 ita
993 1963 1030 2020 ad
1059 1963 1266 2023 difficultatem

187 2069 244 2118 (aas)
257 2053 435 2112 defensionis
457 2055 629 2129 repentinae
651 2055 742 2111 fuere.
782 2072 861 2126 nam,
884 2055 919 2110 ut
941 2052 1111 2126 meministi,
1134 2052 1196 2111 dies
1215 2053 1265 2111 ab·

256 2142 325 2201 hinc
348 2144 468 2219 quintus
499 2164 537 2203 an
567 2146 666 2203 sextus
696 2145 750 2218 est,
781 2161 847 2201 cum
876 2160 923 2199 me
953 2160 1073 2200 causam
1098 2161 1152 2217 pro
1176 2162 1266 2201 uxore

256 2250 324 2291 mea
345 2232 517 2291 Pudentilla
540 2232 680 2291 aduersus
700 2232 825 2291 Granios
849 2250 1021 2309 aggressum
1044 2231 1079 2289 de
1103 2233 1265 2307 composito

256 2322 481 2397 necopinantem
503 2323 624 2398 patroni
647 2322 709 2380 eius
732 2322 877 2380 incessere
900 2320 1066 2379 maledictis
1091 2323 1121 2379 et
1143 2322 1265 2379 insimu-

326 2474 546 2545 MADAVRffi:
569 2490 706 2561 iuvuns
728 2533 734 2545 .
754 2487 948 2544 eunromu
966 2531 973 2544 .
988 2489 1034 2544 υε
1056 2489 1196 2545 noem.
1217 2491 1264 2543 m-

328 2853 342 2899 1
361 2806 412 2899 at
427 2843 500 2899 ear
518 2846 640 2900 maxime
658 2845 733 2915 cna
752 2862 775 2900 a.
791 2850 833 2899 es.
849 2846 880 2898 A.
895 2863 923 2914 p.
939 2849 1008 2900 eae
1027 2844 1073 2897 nr.
1153 2794 1265 2914 atttt
1336 2837 1340 2844 ·

350 2922 382 2969 [te
396 2922 495 2968 ceptum
587 2919 621 2969 [in
634 2924 675 2959 tuo
688 2918 778 2959 iudicio
792 2928 870 2958 coram
883 2921 907 2958 te
921 2921 1034 2966 coeptam

255 2970 332 3039 apud
362 2973 391 3025 te
428 2967 561 3040 cepta³P
611 2971 688 3040 apud
741 2974 771 3024 te
825 2972 936 3039 ceptam
991 2989 1013 3037 φ
1093 2975 1263 3038 dquamtp

302 3053 345 3083 oon

255 3065 438 3164 dicuincitp
510 3095 693 3166 80ptigitl’
765 3093 1014 3183 tquanquamd
1052 3108 1263 3161 quamquamp

698 3190 727 3235 rt
882 3180 972 3235 renio&
1021 3196 1031 3232 ς

256 3242 290 3290 10
309 3186 548 3306 difficud'tatemp
605 3244 638 3290 12
654 3254 793 3306 sexusp
849 3241 882 3289 13
910 3235 1040 3292 ...mio
1059 3235 1264 3304 aggressumF

255 3311 350 3378 (agere
374 3309 407 3362 io
430 3308 453 3361 F
474 3325 533 3362 noo
556 3315 607 3376 eet,
638 3311 685 3364 sed
708 3326 796 3377 supra
821 3324 985 3378 aggressum
1013 3308 1129 3373 fortusse
1154 3308 1263 3375 aliquid

254 3434 446 3545 scriptatqnnqet,
464 3432 537 3501 quod
550 3433 650 3502 dispici
662 3450 720 3488 noa
734 3436 831 3503 potest)
846 3432 960 3503 granios
975 3447 1058 3500 agere
1068 3390 1265 3500 [adgressump

310 3516 349 3555 [Ρῦ
372 3517 386 3545 0
430 3517 481 3558 ⁰qu
835 3522 838 3526 ’

256 3562 289 3611 14
313 3557 414 3613 ...ni
432 3560 459 3611 rt
476 3556 498 3609 l*
517 3558 607 3626 (post.
619 3602 624 3612 .
637 3601 642 3612 .
654 3602 660 3613 .
671 3558 702 3612 ni
724 3557 738 3611 l
761 3575 843 3615 eccae
861 3574 919 3614 csse
934 3556 1066 3621 uidetur}
1078 3550 1209 3622 patro-dx
1223 3547 1258 3596 ex
1272 3561 1298 3601 xo

252 3627 366 3695 patroni
388 3644 482 3682 eorum
502 3628 699 3689 Oasauboous:
722 3648 780 3688 neo
803 3631 985 3703 opinantem
1002 3612 1244 3699 (hamularius)
1259 3617 1324 3672 W

247 3698 418 3771 troni<que>
438 3701 499 3755 eius
518 3705 629 3763 conieci
647 3707 798 3765 Mnemos.
818 3710 909 3762 isat.
927 3722 961 3773 p.
977 3704 1052 3754 aaa.
1091 3693 1229 3824 Poucgaa
1247 3675 1345 3722 acuta-
