3042 4300
297 419 361 483 170
568 418 598 472 L.
618 417 750 470 APVLEI
768 416 1026 471 MADAVRENSIS

189 527 204 566 r.
218 527 308 568 11111.
322 529 368 567 rra.
1247 525 1290 565 11.
1305 524 1348 565 οκ

295 588 435 661 moueret,
458 587 551 645 imber
572 587 727 661 repentino
751 589 877 660 coortus,
900 587 944 644 ita
966 589 1000 644 ut
1022 586 1096 643 mihi
1119 585 1156 643 ad
1180 604 1233 645 uos
1252 605 1302 644 ue-

295 678 341 734 nit
362 695 432 734 usus
455 677 635 751 nuperrime,
658 675 770 732 differri
788 675 928 733 auditorii
950 678 1066 733 coetum
1089 678 1119 733 et
1142 674 1302 733 auditionis

297 768 433 840 coeptum
455 765 564 841 coegit:
586 764 710 822 relicum
732 766 845 838 tamen,
868 764 959 822 uariis
982 764 1216 839 postulantibus,
1239 764 1302 822 sine

189 868 205 907 1.
221 869 282 909 1111.
296 854 511 912 intermissione
529 848 539 931 ΙΙ
557 852 710 927 deincipiti
733 853 780 911 die
802 853 1008 927 perlecturum.
1044 851 1186 927 postridie
1209 853 1303 929 igitur

295 944 423 1000 maximo
447 941 544 1000 studio
562 941 666 1018 ingens
684 941 837 999 hominum
855 942 1021 1016 frequentia
1041 959 1216 1000 conuenere:
1241 960 1303 1000 sese
1329 960 1341 1000 s

295 1033 418 1107 quisque
442 1030 634 1089 exaduersum
662 1049 751 1104 quam
777 1031 909 1105 proxime
937 1031 1074 1089 collocat:
1105 1049 1186 1089 serus
1215 1030 1302 1088 adue·
1317 1047 1348 1096 (11

294 1122 377 1180 niens
411 1120 510 1178 amicis
542 1119 659 1192 adnuit,
695 1119 794 1176 locum
826 1120 919 1178 sessui
949 1120 1136 1194 impertiant:
1177 1119 1304 1178 extimus

296 1211 419 1284 quisque
451 1208 605 1266 excuneati
637 1211 813 1282 querrmtur:
844 1209 922 1265 farto
955 1211 1018 1266 toto
1049 1209 1166 1266 theatro
1199 1209 1304 1284 ingens

295 1298 431 1373 stipatio:
454 1298 603 1372 occipiunt
625 1297 703 1354 inter
725 1316 755 1355 se
780 1297 875 1371 queri:
903 1296 954 1371 qui
977 1316 1036 1354 non
1060 1296 1216 1354 adfuerant
1238 1316 1304 1371 per-

296 1386 410 1445 contari
433 1388 501 1443 ante
525 1385 611 1458 dicta,
635 1386 686 1459 qui
710 1385 866 1443 adfuerant
887 1385 1036 1443 recordari
1058 1384 1169 1459 audita,
1193 1388 1342 1444 cuncti-10

296 1495 352 1550 que
371 1476 431 1532 iam
450 1474 597 1550 prioribus
616 1475 715 1549 gnaris
735 1474 887 1548 sequentia
907 1476 1066 1548 expectare.
1103 1475 1223 1532 interim
1243 1474 1305 1532 dies

295 1566 346 1637 ire,
364 1581 459 1637 neque
472 1562 626 1620 Philemon
641 1562 678 1619 ad
692 1563 859 1621 condictum
873 1563 987 1621 uenire:
1002 1562 1122 1637 quidam
1131 1563 1306 1621 tarditatem

295 1655 400 1727 poetae
418 1652 605 1725 murmurari,
623 1651 723 1726 plures
742 1650 904 1710 defendere.
941 1651 992 1710 sed
1010 1652 1059 1710 ubi
1080 1651 1191 1710 diutius
1211 1670 1305 1726 aequo

296 1741 413 1799 sedetur
431 1758 485 1798 nec
497 1740 652 1798 Philemon
670 1742 788 1815 uspiam
811 1744 969 1815 comparet,
991 1741 1075 1799 missi
1093 1759 1128 1798 ex
1141 1742 1305 1816 promptio-

296 1829 377 1887 ribus
402 1829 452 1904 qui
476 1831 613 1902 accirent,
637 1832 725 1904 atque
745 1849 812 1887 eum
830 1830 862 1886 in
881 1848 932 1887 suo
952 1829 1008 1887 sibi
1026 1829 1136 1887 lectulo
1154 1832 1306 1887 mortuum
1319 1847 1343 1888 15

297 1917 456 1976 offendunt.
493 1917 677 1976 commodum
695 1919 746 1976 ille
766 1920 864 1975 anima
883 1918 962 1976 edita
977 1919 1156 1994 obriguerat,
1174 1918 1304 1976 iacebat·
1318 1933 1348 1983 (oe

298 2026 353 2081 que
376 2007 546 2065 incumbens
569 2009 643 2080 toro,
666 2007 772 2065 similis
796 2008 952 2083 cogitanti:
975 2007 1071 2065 adhuc
1092 2025 1198 2065 manus
1222 2007 1305 2065 uolu-

296 2096 370 2153 mini
392 2096 532 2172 implexa,
560 2095 655 2154 adhuc
682 2114 714 2154 os
742 2097 817 2155 lecto
844 2095 919 2154 libro
946 2097 1120 2173 impressuS,
1148 2095 1199 2155 sed
1228 2097 1306 2155 enim

297 2186 357 2243 iam
389 2186 504 2242 animae
535 2203 659 2259 uacuus,
695 2184 766 2242 libri
802 2185 911 2244 oblitus
944 2189 973 2243 et
1005 2185 1145 2243 auditorii
1178 2203 1306 2244 securus.

298 2272 404 2332 stetere
427 2273 578 2349 paulisper
601 2274 652 2348 qui
674 2274 865 2348 introierant,
892 2275 1021 2349 perculsi
1047 2277 1110 2331 tam
1133 2274 1305 2349 inopinatae
1320 2295 1344 2334 ao

296 2364 348 2436 roi,
371 2365 434 2419 tam
457 2363 621 2420 formonsae
643 2363 747 2421 mortis
771 2363 921 2421 miraculo.
958 2363 1026 2421 dein
1048 2362 1174 2438 regressi
1198 2362 1236 2420 ad
1254 2382 1306 2438 po·

297 2452 401 2526 pulum
418 2452 633 2524 renuntiauere,
651 2451 854 2509 Philemonem
871 2454 999 2526 poetam,
1023 2453 1074 2527 qui
1093 2454 1307 2526 expectaretur,

299 2541 351 2613 qui
369 2540 401 2597 in
418 2539 535 2597 theatro
553 2539 654 2598 fictum
674 2542 880 2615 argumentum
897 2540 1004 2614 finnet,
1027 2541 1087 2598 iam
1106 2540 1186 2598 domi
1204 2560 1307 2599 ueram

298 2627 430 2685 fabulam
453 2645 682 2686 consummasse:
706 2628 855 2686 enimuero
878 2629 939 2685 iam
961 2629 1069 2687 dixisse
1092 2629 1179 2687 rebus
1202 2630 1305 2687 huma-

369 2873 384 2919 1
404 2869 496 2942 cetum
514 2868 535 2919 F
554 2870 646 2920 cetum
665 2889 686 2936 φ
758 2874 774 2921 3
795 2870 907 2942 ceptum
924 2869 946 2921 P
965 2872 1077 2938 ceptum
1096 2890 1116 2937 φ
1133 2872 1137 2938 Ι
1153 2868 1305 2922 relicumF

297 2937 437 3006 reliquum
455 2958 476 3005 φ
494 2937 630 2991 relicuum
643 2940 696 2993 Kr.
713 2940 717 3008 Ι
732 2939 831 3010 uariis]
850 2939 931 2992 uanis
956 2940 1007 3008 Frp
1079 2944 1095 2991 6
1115 2939 1306 3009 exaduerscp

300 3014 314 3091 fl
343 3009 439 3091 amicis
455 3009 567 3063 cher
592 3009 697 3091 amicus
724 3010 773 3078 Pp
803 3011 808 3081 Ι
837 3010 918 3063 enuit
936 3011 990 3092 φΙ
1020 3011 1184 3080 impertiant
1211 3010 1307 3065 Rotde

297 3080 805 3220 ustitialrttiuatct
833 3083 1308 3221 perculserint}

298 3221 485 3288 confabulari,
508 3223 613 3291 garrire
631 3223 675 3276 uel
693 3224 794 3292 nugari
884 3228 917 3275 10
936 3224 1085 3292 cunctique
1104 3224 1155 3278 Kr.
1187 3224 1307 3277 cunctis-

297 3310 352 3361 que
369 3294 421 3361 up
441 3294 591 3346 cunctis-
602 3294 744 3363 expectari
754 3294 850 3348 Robde
896 3300 927 3347 11
940 3297 1086 3363 expectare
1104 3294 1126 3346 F
1182 3300 1306 3347 131111-

297 3365 402 3417 murari
420 3365 442 3417 F
498 3370 530 3417 15
550 3365 673 3418 accirent
691 3364 806 3419 stewech
825 3365 984 3434 acciperent
997 3367 1046 3434 Pp
1061 3367 1095 3432 cf.
1111 3365 1178 3419 Met.
1189 3364 1306 3433 vmm,

297 3453 323 3503 p.
345 3440 430 3488 179.8
535 3441 568 3487 16
596 3438 682 3502 atque
709 3437 784 3505 eum]
809 3437 944 3502 „fortasse
968 3437 1010 3490 11“
1035 3438 1087 3491 Kr.
1112 3436 1261 3489 comodum
1283 3456 1305 3504 φ

299 3510 331 3557 18
351 3522 381 3559 oe
399 3508 431 3559 ia
449 3527 470 3574 φ
490 3507 553 3560 add.
572 3513 642 3560 112
672 3509 676 3574 Ι
705 3506 778 3561 lecto
803 3506 874 3560 Colo.
899 3510 975 3561 recto
1001 3508 1050 3575 Fp
1080 3510 1084 3576 Ι
1113 3506 1307 3576 impressnsF

297 3594 366 3644 quae
389 3578 464 3631 lectio
487 3584 525 3630 est
549 3578 695 3632 sanissima
718 3578 752 3643 cf.
773 3576 855 3646 Verg.
875 3578 944 3631 Aen.
963 3577 1003 3630 IV
1022 3583 1084 3631 690:
1114 3594 1144 3631 os
1169 3578 1307 3646 impressa

297 3651 358 3699 toro
377 3655 403 3700 et
419 3648 479 3700 Met
496 3647 561 3700 VIII
580 3653 604 3715 6,
622 3666 649 3717 p.
671 3653 756 3701 170.ss
775 3650 836 3701 toro
854 3648 956 3701 faciem
974 3649 1121 3718 impressa3
1140 3649 1307 3718 impressum

279 3716 333 3767 [ν.
356 3734 419 3770 eum
438 3739 461 3786 φ
476 3722 589 3790 (ipsso)
692 3725 727 3775 20
746 3720 914 3790 percussio
1011 3726 1049 3772 ‘lt
1073 3719 1194 3771 lomose
1222 3720 1306 3771 mira·

265 3783 333 3836 culo
350 3789 459 3841 mortis
480 3812 505 3861 φ
585 3799 619 3848 24
641 3809 872 3862 consumasseo
