3042 4300
287 379 350 443 108
563 377 594 432 L.
613 366 746 432 arvam
763 377 1023 433 MADAVRENSIS

178 487 193 528 r.
207 488 268 530 iras.
282 488 298 527 r.
312 488 361 530 ars.
700 512 702 516 -
1245 487 1291 528 na
1305 486 1356 530 oua

286 547 399 608 dioeres
420 546 572 622 nubsisse‚
602 546 638 604 de
661 566 696 605 ea
717 546 776 606 tibi
797 547 900 623 paucis
927 546 1126 623 respondebo:
1156 567 1229 608 nam
1251 568 1302 608 ne·

287 656 367 698 oesse
389 654 449 695 non
472 639 518 695 est
539 637 572 694 in
594 655 626 694 re
649 639 713 694 tam
734 636 894 711 perspicua
916 635 1054 713 pluribus
1078 636 1242 712 disputare

355 718 359 808 l
383 725 475 784 Pater
502 725 564 784 eius
591 727 695 783 natam
724 724 782 783 sibi
810 724 905 783 filiam
934 744 1016 785 more
1046 729 1211 786 ceterorum
1233 745 1303 805 pro·

285 817 382 875 fessus
406 818 459 874 est.
504 814 627 873 tabulae
650 813 715 873 eius
737 815 849 889 partim
872 814 1021 873 tabulario
1044 814 1165 891 publico
1189 815 1356 892 pertimeas

287 905 375 965 domo
398 904 605 977 adseruantur‚
628 922 704 978 quae
727 903 788 961 iam
810 903 868 961 tibi
891 902 929 961 ob
953 923 985 963 os
1008 903 1188 963 obiciuntur.
1232 924 1303 982 por·
1328 923 1340 966 s

286 995 350 1072 rige
373 997 407 1053 tu
429 993 599 1052 Aemiliano
621 991 741 1050 tabulas
764 992 851 1051 istas:
881 992 978 1051 linum
1006 993 1186 1070 consideret,
1216 993 1304 1073 signa

288 1103 365 1159 quae
396 1084 542 1158 impressa
574 1083 644 1140 sunt
674 1083 880 1158 recognoscat,
912 1082 1048 1142 consules
1077 1082 1174 1160 legat,
1207 1102 1302 1144 annos
1316 1097 1356 1150 (su

288 1174 449 1248 computet,
472 1188 545 1246 quos
568 1170 724 1247 sexaginta
746 1169 863 1228 mulieri
880 1170 1068 1250 adsignabat,
1089 1171 1197 1247 probet
1216 1173 1303 1248 quin·

288 1280 346 1338 que
370 1263 400 1320 et
423 1260 655 1335 quinquaginta:
678 1258 774 1318 lustro
797 1259 941 1319 mentitus
962 1260 1010 1318 sit.
1047 1280 1155 1336 parum
1171 1261 1229 1322 hoo
1248 1265 1304 1336 est,

287 1349 442 1409 liberalius
472 1366 572 1426 agam:
602 1367 672 1406 nam
702 1350 733 1406 et
761 1348 826 1423 ipse
848 1348 1037 1408 Pudentillae
1066 1350 1177 1409 multos
1209 1369 1342 1411 annosro

287 1440 414 1517 largitus
438 1441 495 1511 est3
523 1436 672 1495 redonabo
695 1436 791 1514 igitur
812 1437 954 1497 uicissim.
1001 1438 1101 1498 deoem
1124 1457 1219 1499 annos
1241 1441 1304 1500 Me·

287 1528 402 1588 sentius
425 1545 494 1585 oum
516 1525 604 1584 Vlixe
627 1526 753 1585 errauit:
784 1527 1004 1605 quinquaginta
1026 1527 1132 1587 saltem
1155 1547 1306 1589 annorum

287 1616 444 1676 mulierem
467 1614 614 1673 ostendat.
660 1614 733 1689 quid
760 1613 885 1674 multis?
914 1619 950 1675 ut
973 1636 1040 1675 oum
1067 1617 1305 1694 quadruplatore

289 1725 390 1783 agam,
419 1703 466 1763 bis
496 1703 620 1778 duplum
650 1703 885 1778 quinquennium
913 1705 1038 1782 faciam,
1069 1706 1179 1784 uiginti
1209 1726 1304 1767 annos

289 1795 380 1854 semel
403 1792 565 1852 detraham.
610 1791 690 1868 iube,
712 1793 849 1869 Maxime,
877 1795 1012 1853 consules
1036 1797 1216 1870 computari:
1244 1797 1305 1856 nisi
1318 1815 1341 1856 u

287 1884 391 1960 fallor,
426 1882 560 1941 inuenies
596 1900 676 1940 nuno
707 1881 895 1940 Pudentillae
932 1882 1014 1943 haud
1044 1884 1141 1945 multo
1174 1885 1304 1963 amplius

289 1970 573 2050 quadragensimum
600 1990 712 2029 annum
742 1973 850 2030 aetatis
877 1971 929 2031 ire.
976 1973 1125 2032 ofalsum
1152 1975 1251 2034 audax
1275 1978 1305 2035 ot

289 2063 424 2138 nimium,
446 2079 464 2119 o
486 2059 674 2119 mendacium
697 2058 807 2138 uiginti
831 2078 975 2119 annorum
999 2061 1087 2122 exilio
1106 2062 1304 2138 puniendum:

289 2152 421 2212 dimidio
435 2153 536 2225 tanta,
557 2147 739 2225 Aemiliane,
765 2150 915 2226 mentiris,
941 2151 1019 2210 falsa
1042 2152 1134 2212 audes
1158 2155 1304 2230 sesquial·
1318 2168 1356 2221 (su

182 2253 198 2292 s.
213 2256 274 2296 issa
288 2243 367 2301 teral
390 2240 417 2300 si
438 2239 565 2316 triginta
587 2256 680 2297 annos
698 2233 708 2317 ΙΙ
725 2258 780 2314 pro
804 2239 904 2299 decem
927 2240 1060 2314 dixisses,
1082 2259 1184 2317 posses
1207 2243 1305 2303 uideri
1318 2264 1342 2304 ro

289 2327 520 2406 eomputationis
539 2329 625 2405 gestu
644 2345 766 2402 errasse,
787 2347 860 2403 quos
880 2329 1023 2389 oiroulare
1037 2329 1173 2390 debueris
1192 2330 1304 2411 digitos

289 2418 449 2496 aperuisse.
494 2435 561 2475 oum
592 2435 663 2475 uero
694 2416 906 2495 quadraginta,
940 2437 1016 2493 quae
1045 2420 1163 2479 facilius
1197 2422 1305 2482 ceteris

379 2646 395 2694 6
415 2639 449 2694 of.
468 2640 560 2694 Plaut.
580 2638 662 2694 Most.
683 2644 744 2693 619.

362 2718 394 2766 11
415 2711 449 2766 of.
468 2729 496 2781 p.
518 2715 594 2766 726.

361 2924 524 3013 lnubsisse
546 2924 569 2978 b*
593 2926 724 2994 nupsisse
747 2944 769 2995 φ
803 2927 808 2993 Ι
840 2939 908 2978 nam
929 2940 1043 2980 neeesse
1065 2943 1121 2980 non
1143 2930 1229 2999 estqi
1255 2945 1304 2984 ne-

290 3029 425 3128 οοεεθιῖοὲ
443 3067 465 3121 F
485 3070 589 3138 (essse
607 3074 620 3121 i
639 3081 690 3122 eor.
709 3084 743 3121 m.
765 3072 779 3120 1
799 3068 831 3121 iu
848 3084 903 3122 ros.
922 3104 952 3125 s
968 3074 1005 3123 eet
1017 3085 1052 3123 m.
1068 3069 1094 3138 2)
1167 3075 1184 3123 4
1198 3071 1305 3140 partim

289 3141 431 3197 tabulario
449 3138 471 3192 l*
500 3140 547 3193 aed
564 3138 596 3192 in
613 3155 664 3210 mg.
684 3155 770 3193 manu
788 3139 905 3208 antiqua
926 3140 1058 3208 scriptam
1074 3146 1113 3195 eet
1131 3156 1170 3210 se,
1187 3143 1304 3209 fortusse

290 3216 357 3284 qaia
375 3227 405 3266 ss
423 3213 455 3266 ia
474 3226 491 3263 a
526 3211 659 3263 eruantur
670 3210 727 3276 sere
740 3226 849 3264 masam
867 3216 933 3278 erat,
952 3211 1025 3266 suade
1042 3213 1156 3287 transiit
1173 3214 1205 3267 iu
1219 3234 1241 3283 φ
1255 3215 1305 3270 ubi

290 3339 401 3409 neem:
414 3296 491 3407 pai
503 3332 1017 3403 retabulano,cf.123.14;11a1Kr.
1056 3335 1302 3409 sobieiunsurrq

291 3414 325 3462 14
344 3408 437 3480 LbjiqsJ
456 3406 478 3460 l*
505 3405 671 3475 bprimitue
692 3404 712 3457 b
734 3406 820 3472 faisse
842 3406 966 3474 uiduus,
993 3405 1303 3466 aestuamusque

290 3482 320 3547 n)
337 3478 423 3549 biscp
501 3482 535 3531 15
554 3475 651 3548 semel]
671 3475 755 3529 simul
774 3476 897 3531 Boeoobo
983 3482 1016 3530 11
1035 3478 1302 3549 quadragensimum

290 3551 493 3619 Ftoooue
603 3552 636 3601 19
654 3545 876 3602 tantal'tanto
895 3568 916 3616 φ
936 3548 1275 3621 (sequanmur)

291 3620 450 3688 audeflesq3
470 3619 559 3674 altera
576 3617 626 3688 Fe
717 3622 749 3671 21
773 3634 823 3687 pro
848 3619 1065 3687 eomputationis
1083 3624 1166 3691 gestu
1185 3623 1238 3677 Kr.
1257 3640 1270 3678 s

277 3710 336 3759 pro
362 3709 451 3760 mque
477 3693 509 3745 in
525 3690 558 3757 F,
585 3706 672 3761 neque
688 3690 761 3760 inq
789 3696 863 3745 catat
880 3691 916 3756 of.
934 3708 962 3759 q.
982 3696 1069 3745 10111
1100 3692 1108 3764 l
1131 3692 1300 3748 debuerisF

269 3759 415 3834 debueras
433 3781 457 3831 φ
533 3768 571 3817 22
585 3761 777 3836 adperisseb'
799 3760 964 3835 aperissem
