3042 4300
308 385 351 449 84
584 383 612 435 L.
632 383 765 435 APVLEI
782 383 1040 437 MADAVRENSIS

202 495 217 534 r.
233 495 293 534 rrae.
307 492 324 532 r.
338 494 385 532 ru.
1263 494 1308 534 na
1324 493 1356 533 oa

202 547 208 562 '
310 552 452 610 exoleuit:
485 551 563 626 quod
586 551 611 610 si
634 570 711 609 nunc
734 569 852 627 quoque
875 548 1013 627 frequens
1036 556 1126 626 esset,
1154 557 1255 612 tamen
1281 553 1319 611 ab

309 642 365 700 hoc
386 641 490 717 procul
513 640 646 698 afuisset.
688 659 757 698 nam
781 659 878 715 neque
896 640 1053 699 facundiae
1072 642 1234 700 ostentatio
1252 643 1320 701 rudi

311 734 341 789 et
363 729 495 803 indocto,
522 748 617 804 neque
641 730 752 805 gloriae
781 728 887 805 cupido
915 730 1025 788 rustico
1049 732 1079 788 et
1105 730 1246 807 barbaro,
1269 750 1318 790 ne·

311 837 367 893 que
390 818 519 893 inceptio
542 818 776 892 patrociniorum
798 818 931 893 capulari
954 819 1017 877 seni
1040 818 1238 896 congruisset,
1261 820 1317 880 nisi

192 901 198 913 ’
310 908 386 965 forte
409 906 593 964 Aemilianus
628 925 682 982 pro
713 925 766 966 sua
795 907 954 966 seueritate
981 907 1150 982 exemplum
1179 908 1262 967 dedit
1290 912 1318 968 et
1342 929 1352 967 a

308 996 381 1072 ipsis
409 995 560 1053 maleficiis
592 996 724 1054 infensus
754 995 973 1054 accusationem
999 996 1089 1054 istam
1116 1015 1172 1071 pro
1203 1017 1318 1057 morum

308 1084 482 1161 integritate
504 1083 641 1160 suscepit.
678 1088 709 1141 at
724 1084 781 1142 hoc
799 1102 853 1160 ego
868 1083 1045 1160 Aemiliano,
1068 1104 1128 1143 non
1150 1086 1221 1144 huic
1234 1086 1317 1162 Afro,

310 1173 360 1231 sed
383 1172 430 1230 illi
452 1172 592 1232 Africano
617 1175 647 1230 et
669 1173 853 1232 Numantino
878 1176 907 1231 et
929 1175 1084 1248 praeterea
1108 1173 1249 1234 Censorio
1267 1176 1318 1234 uix

310 1261 510 1320 credidissem:
555 1280 592 1319 na
623 1261 693 1320 huic
723 1261 826 1320 frutici
857 1261 975 1320 credam
1006 1281 1065 1320 non
1097 1262 1184 1322 modo
1218 1264 1318 1322 odium

308 1352 498 1427 peccatorum
520 1349 570 1408 sed
594 1350 700 1408 saltem
721 1349 1031 1420 intellectuminesse.
1330 1371 1351 1412 ro

202 1439 315 1508 LXVII
382 1436 459 1507 Quid
480 1439 574 1514 igitur
597 1437 661 1497 est?
691 1439 785 1498 cuiuis
815 1439 924 1497 clarius
954 1439 1100 1516 diclucet,
1132 1441 1225 1498 aliam
1253 1456 1355 1503 rems-²

216 1522 231 1561 f·
247 1524 293 1562 ffb·
308 1526 424 1586 inuidia
452 1527 565 1585 nullam
595 1545 657 1586 esse
686 1545 762 1601 quae
791 1528 869 1585 hunc
899 1529 929 1585 et
956 1526 1138 1586 Herennium
1168 1529 1316 1604 Rufinum,

308 1616 499 1690 impulsorem
516 1615 603 1674 huius
621 1610 632 1694 ΙΙ
654 1610 703 1693 [de
723 1633 781 1691 quo
799 1635 868 1674 mox
887 1613 1004 1692 dicam],
1028 1619 1198 1693 ceterosque
1218 1618 1314 1677 inimi·

310 1722 358 1762 cos
376 1722 456 1762 meos
476 1703 514 1761 ad
532 1703 689 1762 nectendas
707 1705 825 1780 magiae
840 1705 1002 1763 calumnias
1016 1706 1194 1781 prouocarit.
1231 1707 1315 1782 quin·

310 1811 366 1867 que
380 1793 473 1869 igitur
486 1811 531 1850 res
546 1794 624 1867 sunt,
638 1812 712 1868 quas
726 1811 773 1850 me
788 1796 906 1869 oportet
920 1793 1077 1869 disputare.
1101 1813 1172 1852 nam
1185 1795 1211 1854 si
1225 1795 1314 1872 probe
1327 1809 1356 1862 (aa

309 1881 438 1956 memini,
461 1881 540 1956 quod
563 1882 600 1939 ad
623 1880 826 1940 Pudentillam
849 1882 965 1957 attinet,
988 1883 1060 1940 haec
1084 1883 1231 1942 obiecere:
1327 1903 1348 1942 re

375 1970 442 2028 Vna
464 1989 510 2029 res
533 1972 587 2046 est,
609 1971 688 2045 quod
710 1990 864 2046 nunquam
887 1989 953 2028 eam
970 1972 1100 2031 uoluisse
1118 1973 1229 2031 nubere
1247 1976 1314 2049 post

308 2061 435 2134 priorem
464 2060 619 2135 maritum,
654 2060 705 2118 sed
733 2061 806 2119 meis
837 2059 1014 2118 carminibus
1040 2063 1173 2119 coactam
1203 2061 1313 2121 dixere:

309 2150 403 2217 altera
425 2168 471 2208 res
491 2151 536 2209 est
554 2149 589 2207 de
609 2149 743 2226 epistulis
763 2150 834 2224 eius,
859 2169 949 2224 quam
967 2150 1179 2209 confessionem
1196 2153 1312 2229 magiae

308 2240 428 2313 putant:
452 2238 556 2297 deinde
581 2238 761 2315 sexagesimo
780 2256 858 2296 anno
882 2238 989 2297 aetatis
1009 2238 1047 2297 ad
1060 2238 1224 2299 lubidinem
1242 2240 1313 2298 nub·
1326 2259 1347 2298 a

309 2326 389 2401 sisse,
413 2329 443 2384 et
466 2325 544 2401 quod
566 2326 598 2384 in
620 2327 695 2384 uilla
717 2345 752 2385 ac
771 2326 880 2385 nonin
899 2327 1007 2402 oppido
1026 2327 1146 2387 tabulae
1166 2328 1315 2389 nubtiales

309 2414 369 2473 sint
391 2414 589 2491 consignatae,
621 2415 709 2473 tertio
737 2417 768 2472 et
796 2418 902 2489 quarto
930 2416 994 2474 loco
1022 2416 1161 2475 obiecere.
1216 2418 1313 2477 nouis-

309 2503 383 2559 sima
411 2506 441 2561 et
463 2502 566 2561 eadem
589 2503 820 2561 inuidiosissima
839 2504 1005 2563 criminatio
1029 2504 1064 2563 de
1083 2505 1152 2564 dote
1175 2506 1247 2580 fuit,
1271 2506 1313 2564 ibi

380 2783 394 2829 2
424 2736 553 2843 diluisset
580 2797 602 2846 φ
720 2783 734 2830 ‘l
763 2778 800 2830 ad
827 2778 848 2830 F
993 2786 1008 2833 9
1038 2780 1176 2834 odian
1205 2742 1312 2850 odide

309 2853 342 2900 11
362 2847 464 2901 clarius
483 2847 528 2901 die
550 2847 626 2901 lucet
643 2847 719 2903 Jahn
742 2848 811 2902 clari
830 2799 935 2903 diducet
953 2852 1002 2921 Fp
1025 2853 1058 2919 cf.
1080 2857 1131 2905 568
1151 2850 1181 2907 Ο,
1201 2871 1229 2923 p.
1246 2858 1313 2907 93,4

309 2919 360 2973 Kr.
377 2922 381 2988 Ι
398 2918 468 2971 alia³
486 2919 616 2987 coaptum
633 2920 690 2984 fait
707 2921 738 2973 ia
751 2920 783 2986 F,
800 2936 861 2974 cam
879 2922 1027 2977 menidam
1044 2925 1148 2989 factum
1165 2931 1233 2979 esset
1250 2923 1262 2962 ³
1280 2942 1313 2979 m.

307 3005 357 3044 rec·
376 2991 522 3044 renouauit
540 3006 671 3043 summam
686 2996 793 3059 partem
812 2992 915 3047 litterae
938 3008 955 3044 a
978 3000 1002 3048 et
1020 2994 1131 3049 addidit
1150 2998 1174 3061 ⁴,
1192 3002 1225 3050 ut
1242 2996 1314 3062 steret

309 3113 366 3166 alia
438 3119 470 3166 12
489 3077 670 3166 invididsffl*
744 3120 776 3167 13
795 3115 879 3169 acrba
898 3116 933 3169 de
951 3133 1005 3184 quo
1024 3134 1088 3171 mox
1102 3117 1195 3172 dicam
1207 3120 1314 3174 seclusit

307 3184 384 3238 aum
401 3185 443 3237 cu
458 3201 485 3251 p.
495 3189 535 3237 re.
547 3188 590 3252 20,
609 3188 660 3237 aaa
676 3184 706 3239 ο.
725 3203 752 3253 p.
770 3190 810 3239 ro.
823 3191 855 3238 19
875 3188 927 3241 Kr.
1001 3193 1034 3241 15
1054 3188 1122 3257 quin
1140 3188 1229 3260 igitur
1247 3190 1310 3260 Fal

309 3270 378 3321 quas
395 3255 427 3307 in
445 3254 466 3307 F
484 3255 613 3323 scriptam
631 3256 687 3321 fuit
703 3258 750 3311 scd
769 3274 781 3310 a
800 3273 879 3312 uoco
896 3265 946 3325 eat,
965 3276 1121 3328 quanquam
1134 3261 1252 3332 mstipic
1265 3262 1312 3315 od-

307 3326 359 3378 tac
381 3326 528 3393 empireo
544 3332 621 3391 sant,
643 3333 668 3381 et
686 3342 702 3380 a
725 3329 757 3381 ia
776 3344 791 3381 o
811 3335 929 3396 marato,
954 3330 1051 3385 deinde
1072 3332 1121 3385 sab
1144 3347 1160 3384 ο
1180 3338 1313 3400 punctum

307 3448 438 3515 scriptam
451 3456 476 3504 et
488 3451 698 3518 superscriptum
711 3466 742 3504 as
757 3411 848 3521 oddo
864 3455 889 3523 (ο
903 3454 959 3520 fait
968 3474 995 3521 α,
1005 3456 1217 3527 catcntucste‘pia
1229 3464 1279 3511 coe
1289 3430 1313 3524 ll

310 3576 342 3623 16
362 3570 470 3627 obicere
489 3574 509 3626 r
529 3534 707 3644 obaudies
791 3581 823 3629 19
843 3577 926 3645 aprus
945 3579 993 3647 re
1065 3586 1099 3633 eo
1117 3578 1313 3671 lpbidinemr

305 3680 339 3756 (J.
361 3679 422 3732 aaa
444 3698 476 3734 m.
493 3680 723 3752 r0)libidinemp
740 3684 744 3752 Ι
760 3682 887 3739 nubsisse
901 3684 922 3737 F
937 3684 1063 3753 nupsisse
1079 3686 1158 3753 pKr.
1216 3692 1248 3740 21
1263 3704 1312 3740 nu-

290 3745 398 3799 htrales
414 3750 443 3801 F
455 3752 605 3821 nuptiales
624 3754 706 3825 φΚν.
