3042 4300
646 376 829 431 Anoncem
1202 379 1244 443 65

187 486 286 527 aunone.
1168 487 1183 525 1.
1198 488 1258 528 1111.
1272 488 1288 527 a.
1302 489 1339 530 111

187 563 219 612 ιο)
233 541 355 605 causam
386 546 481 604 diuini
520 545 616 603 morbi
655 565 730 619 esse,
769 565 836 603 cum
872 545 924 602 illa
960 547 1053 620 pestis
1090 548 1122 603 in
1154 551 1244 622 caput

187 634 422 710 mredundauit,
445 634 675 708 haudquaquam
698 634 800 692 uideor
824 633 858 692 de
877 633 970 691 nihilo
984 638 1182 710 percontatus,
1206 657 1243 695 arr

234 727 310 783 esset
339 724 457 782 mulieri
486 723 533 781 illi
562 725 653 798 caput
681 742 788 799 graue,
818 723 916 780 ceruix
945 724 1080 796 torpens,
1109 727 1244 800 tempora

232 813 368 889 pulsata,
401 830 485 871 aures
518 830 648 871 sonorae.
694 814 836 885 ceterum,
861 807 865 889 Ι
891 811 968 886 quod
1001 812 1136 871 dexterae
1165 816 1243 873 auris

208 903 395 962 screbriores
424 901 551 960 tinnitus
581 899 743 974 fatebatur,
773 902 892 976 signum
922 903 986 958 erat
1008 902 1103 959 morbi
1125 903 1243 976 penitus

236 990 341 1050 adacti.
379 1010 448 1048 nam
467 989 586 1048 dextera
609 990 738 1063 corporis
761 989 908 1049 ualidiora
931 992 1009 1063 sunt,
1032 1009 1124 1064 eoque
1146 991 1243 1049 minus

234 1080 298 1154 spei
329 1079 367 1138 ad
399 1080 558 1138 sanitatem
589 1078 775 1152 relinquunt,
807 1097 873 1136 cum
906 1081 935 1136 et
966 1079 1032 1152 ipsa
1065 1079 1244 1156 aegritudini

235 1169 437 1227 succumbunt.
482 1166 658 1225 Aristoteles
695 1166 768 1225 adeo
804 1167 836 1224 in
872 1167 1065 1241 problematis
1102 1169 1245 1243 scriptum

234 1258 371 1331 reliquit,
395 1256 624 1331 quibuscumque
648 1255 766 1314 caducis
790 1275 808 1313 a
827 1256 945 1314 dextero
968 1257 1086 1315 morbus
1110 1258 1244 1332 occipiat,

196 1368 222 1406 ro
236 1365 338 1405 eorum
361 1364 422 1405 esse
445 1344 641 1403 difficiliorem
667 1344 820 1403 medelam.
866 1345 988 1421 longum
1016 1348 1073 1420 est,
1101 1347 1127 1404 si
1153 1347 1244 1404 uelim

236 1435 434 1509 Theophrasti
456 1453 571 1508 quoque
591 1434 769 1492 sententiam
787 1433 823 1492 de
842 1433 943 1492 eodem
963 1434 1065 1494 morbo
1083 1454 1244 1509 recensere3

190 1540 224 1591 11)
236 1527 283 1583 est
312 1524 391 1582 enim
421 1524 512 1581 etiam
541 1522 604 1580 eius
635 1523 770 1598 egregius
800 1523 873 1580 liber
903 1522 938 1580 de
968 1523 1092 1583 caducis.
1140 1525 1244 1599 quibus

235 1615 337 1671 tamen
368 1613 399 1669 in
432 1612 491 1669 alic
523 1611 612 1684 libro,
649 1630 736 1685 quem
768 1611 803 1670 de
835 1612 1035 1671 inuidentibus
1068 1614 1244 1672 animalibus

236 1701 420 1774 conscribsit,
441 1699 570 1758 remedio
590 1718 651 1757 esse
671 1701 714 1758 ait
733 1702 853 1758 exuuias
876 1701 1043 1776 stelionum,
1067 1721 1140 1776 quas
1163 1703 1244 1761 uelut

197 1812 223 1850 rs
237 1791 353 1850 senium
384 1808 464 1847 more
501 1791 662 1848 ceterorum
694 1790 874 1863 serpentium
909 1792 1090 1864 temporibus
1123 1793 1244 1850 statutis

237 1881 355 1937 exuant.
401 1878 452 1937 sed
474 1879 533 1936 nisi
555 1878 710 1936 confestim
740 1879 863 1953 eripias,
892 1878 1061 1955 malignone
1089 1882 1244 1956 praesagio

236 1988 274 2025 an
307 1967 439 2026 naturali
477 1967 647 2042 adpetentia
683 1967 751 2025 ilico
788 1968 1000 2024 conuertuntur
1032 1970 1062 2025 et
1093 1966 1244 2025 deuorant.

235 2058 308 2115 haec
331 2056 439 2114 idcirco
463 2057 697 2129 commemoraui,
720 2055 864 2114 nobilium
886 2054 1128 2129 philosophorum
1146 2056 1244 2130 dispu-

235 2149 303 2205 tata
326 2146 415 2205 simul
438 2149 468 2205 et
486 2145 576 2205 libros
596 2144 696 2203 sedulo
715 2144 867 2203 nominaui
889 2163 942 2203 neo
960 2143 1055 2202 ullum
1073 2164 1107 2203 ex
1125 2144 1244 2205 medicis

193 2257 222 2299 ao
237 2238 290 2294 aut
303 2236 400 2310 poetis
415 2235 497 2293 nolui
515 2236 671 2310 attingere,
694 2236 729 2292 ut
750 2234 801 2291 isti
825 2232 960 2292 desinant
978 2234 1089 2313 mirari,
1112 2235 1137 2293 si
1149 2234 1244 2309 philo-

328 2456 523 2510 9Aristotelie
540 2456 639 2527 fragm
660 2456 702 2510 ed.
722 2453 840 2524 Rosep.
861 2460 920 2509 237

311 2534 344 2581 12
363 2528 453 2581 baert.
460 2526 557 2616 Diog.
572 2528 598 2580 V
616 2533 689 2579 42-
695 2534 728 2581 43
752 2528 827 2615 (περὶ
854 2524 1009 2596 ἐπιλήψεως
1035 2527 1072 2595 α’,
1099 2528 1163 2596 περὶ
1190 2536 1245 2582 τῶν

363 2596 474 2663 {diost
459 2615 510 2652 οσα
528 2596 637 2679 λέγεται
655 2602 778 2666 φθονεῖν
797 2596 842 2668 α’).

311 2675 346 2723 14
364 2668 434 2723 Plin.
453 2672 510 2723 nat
530 2668 596 2723 hist.
614 2669 690 2722 XXX
711 2676 752 2736 10,
772 2674 884 2723 87-89.

441 2851 469 2897 ὼ

312 2906 326 2953 1
352 2916 448 2970 capm,
499 2906 553 3021 εἳ
579 2860 729 2953 rcdudauit
753 2899 775 2951 F
799 2897 969 2952 redundauit
994 2919 1014 2966 φ
1105 2904 1120 2950 3
1147 2899 1243 2966 Caput

250 3030 332 3084 {rane
368 3024 390 3075 F
427 3039 523 3094 capguj
560 3039 670 3094 ,gjraue
698 3044 720 3091 φ
753 3021 786 3075 cf.
815 3038 885 3075 uere.
913 3021 1045 3090 primum
1078 3027 1119 3075 60.
1138 3027 1170 3073 26
1199 3021 1245 3075 Kr

241 3102 378 3149 4sonora
397 3097 425 3148 et
444 3096 566 3147 ceterum
584 3094 605 3146 F
624 3109 753 3163 sonorpej.
776 3097 933 3214 (porrecturau
935 3093 998 3146 cdd
1017 3110 1051 3145 m.
1070 3093 1156 3159 aet)
1127 3094 1245 3144 mocte-

240 3237 343 3287 rump
374 3221 377 3287 Ι
408 3219 538 3272 dexterae
556 3218 577 3269 F
596 3217 717 3286 dextcp
798 3215 1012 3285 Frelinquntrp
1042 3218 1046 3283 Ι
1075 3214 1166 3283 aegrit
1154 3214 1246 3267 tudini

243 3342 427 3396 succumbunt
451 3343 534 3413 uulgo
560 3339 744 3423 aegritudinis
770 3341 938 3394 accumbunt
955 3338 1007 3393 F
999 3354 1062 3407 ipsa
1080 3356 1099 3407 g
1115 3341 1119 3406 Ι
1137 3337 1245 3407 egritu-

241 3413 317 3467 dinis
336 3413 515 3481 accubuntp
588 3411 743 3479 Frcliquid
761 3411 803 3479 ΡΙ
824 3410 925 3479 quibus
944 3426 1013 3478 eque
1032 3410 1079 3477 Fa
1154 3409 1245 3461 13111-

242 3484 406 3538 uidentibus
424 3485 515 3596 Frp1
557 3491 590 3537 14
609 3481 774 3537 conscribsit
791 3482 812 3535 F
838 3485 842 3551 Ι
867 3480 981 3536 exubiae
999 3480 1020 3533 F
1040 3479 1178 3551 exupujias
1198 3501 1219 3549 φ
1241 3519 1243 3551 Ι

244 3608 394 3663 stelionum
412 3609 434 3661 F
453 3558 602 3662 stelionum
621 3629 642 3676 φ
716 3612 748 3659 16
767 3604 867 3675 peagio
886 3605 935 3674 Fp
959 3606 999 3673 (iu
1017 3605 1038 3656 F
1057 3621 1073 3658 o
1092 3622 1125 3657 eor
1144 3621 1163 3655 a
1179 3621 1252 3655 cora

244 3678 513 3749 )adpetent1aF
532 3678 696 3750 appetentia
716 3700 737 3749 φ
760 3680 770 3750 l
791 3676 899 3749 ilicoF
977 3680 1017 3727 11
1035 3668 1236 3725 comemmad
1250 3685 1274 3723 a

242 3750 352 3820 18s19
338 3768 370 3803 m
387 3768 438 3822 my.
457 3751 482 3804 F
500 3753 591 3809 adscr.
611 3760 651 3810 eat
671 3753 691 3807 d

280 3847 379 3888 Armi
391 3849 546 3905 Apologia
562 3860 588 3897 at
602 3857 745 3898 Florida.
1132 3827 1155 3870 ᾖ
