3042 4300
691 415 874 470 Arctoam
1244 420 1284 483 91

175 525 201 565 d.
221 522 332 564 cudone.
1209 527 1224 566 l·
1239 528 1298 567 neb.
1314 530 1328 566 f.

276 583 392 642 cionem
409 599 600 656 reseruarem,
618 601 714 658 neque
732 603 788 659 pro
807 585 901 643 amico
920 604 1014 660 neque
1037 605 1092 660 pm
1110 586 1287 662 philosopho

276 672 435 730 factivum.
481 670 570 730 nimis
599 673 694 729 multa
723 673 820 731 oratio
850 676 910 747 est,
940 674 965 731 si
995 673 1086 731 uelim
1114 693 1285 748 memorare,

279 778 356 836 quae
379 778 434 836 ego
457 762 559 818 contm
582 760 793 836 responderim,
817 780 908 836 quam
931 761 982 819 diu
1006 764 1036 819 et
1054 763 1190 837 quotiens
1207 764 1286 822 inter

194 864 262 916 (sse)
278 866 333 907 nos
355 847 577 924 uerbigeratum
606 850 660 923 sit,
691 853 764 924 quot
794 854 823 908 et
847 850 983 925 qualibus
1006 851 1142 926 precibus
1165 871 1212 910 mc
1235 853 1285 910 ad·

243 958 258 998 s
274 955 395 1015 grecam
417 936 498 994 baud
515 938 598 1012 prius
617 938 751 996 omiserit
770 957 861 1014 quam
879 939 1006 1016 denique
1026 939 1203 1014 impetrarit,
1225 959 1284 999 non

174 1043 265 1084 ‚serm
276 1025 351 1102 quin
375 1044 430 1102 ego
453 1024 654 1084 Pudentillam
676 1027 738 1085 iam
761 1046 839 1086 anno
861 1028 977 1104 perpeti
1001 1027 1125 1087 adsiduo
1145 1031 1284 1088 conuictu

272 1113 366 1190 probe
394 1107 399 1192 Ι
428 1117 606 1189 spectassem
636 1118 666 1174 et
695 1116 843 1174 uirtutum
872 1117 934 1176 eius
965 1117 1047 1176 dotes
1078 1117 1284 1192 explorassem,

274 1203 327 1262 sed
348 1205 453 1278 utpote
481 1204 729 1281 peregrinationis
759 1206 880 1281 cupiens
909 1205 1152 1282 impedimentum
1182 1208 1283 1264 matn'-

274 1292 356 1350 moni
379 1291 597 1368 aliquantisper
618 1311 835 1352 recusaueram.
872 1313 939 1353 mox
960 1297 1060 1353 tamen
1086 1296 1177 1353 talem
1200 1296 1284 1354 femi-

231 1403 260 1442 ιο
275 1400 346 1438 nam
381 1379 476 1439 nihilo
512 1381 630 1458 segnius
666 1382 761 1456 uolui,
798 1402 888 1457 quam
926 1385 951 1441 si
982 1384 1063 1442 ultro
1096 1385 1283 1459 appetissem.

274 1471 463 1545 persenserat
485 1468 564 1528 idem
585 1469 749 1529 Pontianus
773 1473 863 1529 matri
887 1490 970 1545 suae,
999 1475 1033 1530 ut
1061 1491 1108 1530 me
1132 1473 1199 1548 aliis
1223 1492 1283 1532 om-

274 1556 363 1616 nibns
389 1558 508 1631 mallet,
539 1562 570 1616 et
599 1577 689 1633 quam
717 1560 848 1634 primum
875 1560 930 1619 hoc
952 1561 1092 1637 perficere
1119 1561 1284 1620 incredibili

274 1646 373 1706 studio
397 1646 511 1704 suebat.
557 1648 608 1704 uix
635 1647 672 1705 ab
700 1667 735 1706 eo
766 1649 915 1707 tantulam
946 1669 1060 1708 moram
1082 1652 1284 1725 impetramus,

273 1736 345 1793 dum
366 1736 451 1810 prius
471 1737 535 1810 ipsc
557 1754 677 1795 uxorem
703 1737 836 1811 duceret,
863 1739 956 1796 frater
984 1741 1046 1797 eius
1077 1740 1173 1797 uirilis
1196 1743 1284 1816 togae

231 1844 258 1885 1⁵
272 1843 360 1883 usum
383 1825 598 1899 auspicaretur:
620 1828 691 1888 tunc
713 1826 818 1884 deinde
842 1829 876 1884 ut
899 1844 951 1885 nos
975 1829 1225 1903 coniungeremnr.

339 1911 463 1970 Vtinam
485 1913 603 1972 hercule
624 1933 740 1988 possem
764 1934 839 1989 quae
863 1915 967 1973 deinde
990 1915 1112 1973 dicenda
1136 1919 1205 1974 sunt
1234 1909 1243 1995 ij
1264 1915 1342 1973 LXX

274 2003 338 2060 sinc
357 2002 484 2059 maximo
503 2020 608 2060 causae
627 2002 780 2078 dispendio
798 2003 975 2079 transgredi,
998 2022 1034 2060 ne
1057 2002 1213 2077 Pontiano,
1236 2006 1283 2062 cui
1297 2021 1312 2057 r.
1328 2021 1339 2058 1

273 2108 403 2150 errorem
425 2108 511 2149 suum
538 2090 707 2167 deprecanti
735 2092 909 2168 simpliciter
935 2093 1052 2168 ignoui,
1081 2091 1184 2151 uidear
1206 2111 1283 2151 nunc

272 2181 429 2239 leuitatem
452 2180 635 2254 exprobrare.
672 2181 812 2240 confiteor
835 2183 921 2254 enim,
945 2180 1024 2256 quod
1046 2181 1119 2239 mihi
1138 2181 1283 2241 obiectum

230 2290 260 2329 ae
274 2272 336 2343 est,
359 2288 441 2341 eum,
467 2270 626 2344 postquam
648 2288 769 2327 uxorem
792 2270 923 2343 duxerit,
952 2290 969 2328 a
992 2271 1134 2344 compecti
1156 2269 1213 2328 fide
1236 2269 1283 2329 dc·

274 2358 396 2417 sciuisse
419 2374 453 2415 ac
476 2356 631 2433 derepente
659 2360 751 2416 animi
778 2362 942 2433 mutatum,
973 2359 1052 2433 quod
1082 2363 1169 2417 antea
1192 2360 1284 2417 nimio

272 2445 372 2505 studio
395 2445 560 2520 festinarat,
582 2449 649 2522 pari
671 2449 836 2523 pertinacia
858 2447 1041 2522 prohibitum
1063 2448 1134 2522 isse,
1158 2448 1283 2523 denique

197 2553 257 2604 (sse)
272 2554 310 2593 ne
327 2535 549 2592 matrimonium
567 2538 701 2594 nostrum
719 2536 903 2609 coalesceret,
927 2537 1045 2611 quiduis
1068 2539 1141 2612 pati,
1165 2538 1283 2613 quiduis

346 2690 379 2737 aa
399 2684 433 2738 cf.
453 2684 518 2738 Met.
538 2685 628 2752 Ixre,
647 2704 673 2754 p.
690 2692 748 2739 201.
761 2692 808 2754 ao,
827 2686 892 2739 Hor.
914 2687 1001 2741 earm.
1021 2688 1111 2742 11124.
1123 2694 1169 2754 433
1185 2690 1282 2742 Ins.

346 2832 362 2878 3
387 2826 515 2895 quotiens
539 2827 559 2878 F
588 2827 733 2895 cotiensq
828 2834 845 2881 4
869 2829 1017 2897 adgressus
1040 2830 1061 2881 P
1091 2846 1237 2899 aggressus
1261 2850 1282 2897 φ

272 2957 289 3003 5
310 2964 395 3018 qnam
413 2950 545 3022 denique]
564 2966 649 3018 quam
659 2900 793 3019 Ldecocildd'F
808 2954 975 3020 quandoque
990 2973 1011 3021 φ
1026 2955 1057 3006 ic
1070 2970 1121 3024 mp.
1137 2952 1282 3019 qdenique

273 3082 290 3127 6
310 3074 428 3128 adsiduo
447 3075 469 3126 F
489 3074 601 3128 assiduo
621 3097 642 3143 q>
734 3081 748 3129 7
767 3052 865 3160 phas!
879 3037 1005 3144 pectalsd
1018 3077 1049 3148 ,F
1069 3076 1139 3145 (fait
1156 3077 1282 3143 pectasse

647 3177 676 3215 ι’]

271 3232 341 3271 corr.
361 3234 394 3269 m.
414 3217 447 3283 r.)
465 3191 778 3324 phellipectAsemp
809 3221 812 3285 Ι
842 3218 990 3271 uirtutium
1017 3217 1038 3269 F
1142 3222 1158 3269 8
1185 3217 1281 3270 matri-

271 3306 568 3450 mtiiijuiaquanusp
587 3358 608 3411 e
628 3358 674 3436 (j
695 3386 721 3401 v
740 3360 804 3414 aaa
819 3377 853 3413 m.
869 3362 901 3428 r.)
917 3357 1117 3413 matrimoniali
1135 3336 1282 3431 tanetus

273 3465 594 3587 13²·ttlttl'tupna
612 3520 674 3573 aaa.
693 3537 727 3572 m.
746 3521 938 3587 amarissima)
994 3525 1026 3572 15
1042 3518 1155 3590 cenae]
1169 3521 1283 3585 fortasse

270 3589 329 3656 fuit
347 3588 468 3655 denique
486 3591 558 3657 qaod
576 3593 594 3644 d
611 3607 651 3643 us.
673 3595 705 3642 16
728 3591 807 3644 babet
829 3608 880 3658 pre
899 3591 1000 3643 deinde
1073 3595 1106 3642 16
1129 3590 1281 3644 herculei*

273 3664 307 3712 18
325 3658 468 3712 herrorem
486 3659 535 3729 Pp
609 3666 641 3712 19
661 3659 850 3728 exprobarel*
923 3665 956 3713 20
971 3676 988 3712 a
1003 3661 1141 3731 compecti
1156 3661 1280 3716 Hildcbr.

269 3729 1308 3865 recreatuc<lcllitererestereres
