<?xml version="1.0" encoding="UTF-8"?>
<!DOCTYPE html PUBLIC "-//W3C//DTD XHTML 1.0 Transitional//EN"
    "http://www.w3.org/TR/xhtml1/DTD/xhtml1-transitional.dtd">
<html xmlns="http://www.w3.org/1999/xhtml" xml:lang="en" lang="en">
 <head>
  <title>
</title>
<meta http-equiv="Content-Type" content="text/html;charset=utf-8" />
  <meta name='ocr-system' content='tesseract 3.04.00' />
  <meta name='ocr-capabilities' content='ocr_page ocr_carea ocr_par ocr_line ocrx_word'/>
</head>
<body>
  <div class='ocr_page' id='page_1' title='image "./lvciiapvleimada00apulgoog_0110.png"; bbox 0 0 3042 4300; ppageno 0'>
   <div class='ocr_carea' id='block_1_1' title="bbox 285 364 1017 428">
    <p class='ocr_par' dir='ltr' id='par_1_1' title="bbox 285 364 1017 428">
     <span class='ocr_line' id='line_1_1' title="bbox 285 364 1017 428; baseline 0.003 -13"><span class='ocrx_word' id='word_1_1' title='bbox 285 365 327 428; x_wconf 83' lang='grc'>96</span> <span class='ocrx_word' id='word_1_2' title='bbox 561 365 589 418; x_wconf 88' lang='lat' dir='ltr'>L.</span> <span class='ocrx_word' id='word_1_3' title='bbox 609 364 741 417; x_wconf 78' lang='lat' dir='ltr'>APVLIII</span> <span class='ocrx_word' id='word_1_4' title='bbox 758 364 1017 418; x_wconf 80' lang='lat' dir='ltr'>MADAVRENSIS</span> 
     </span>
    </p>
   </div>
   <div class='ocr_carea' id='block_1_2' title="bbox 181 473 1352 608">
    <p class='ocr_par' dir='ltr' id='par_1_2' title="bbox 181 473 1352 608">
     <span class='ocr_line' id='line_1_2' title="bbox 181 473 1352 516; baseline 0 -2"><span class='ocrx_word' id='word_1_5' title='bbox 181 475 195 514; x_wconf 86' lang='lat' dir='ltr'>r.</span> <span class='ocrx_word' id='word_1_6' title='bbox 209 476 270 516; x_wconf 77' lang='lat' dir='ltr'>icoo.</span> <span class='ocrx_word' id='word_1_7' title='bbox 283 474 299 512; x_wconf 79' lang='lat' dir='ltr'>f.</span> <span class='ocrx_word' id='word_1_8' title='bbox 313 474 359 513; x_wconf 79' lang='lat' dir='ltr'>mo.</span> <span class='ocrx_word' id='word_1_9' title='bbox 1232 474 1281 513; x_wconf 81' lang='lat' dir='ltr'>na.</span> <span class='ocrx_word' id='word_1_10' title='bbox 1297 473 1352 514; x_wconf 68' lang='lat' dir='ltr'>oure</span> 
     </span>
     <span class='ocr_line' id='line_1_3' title="bbox 284 531 1293 608; baseline 0.001 -18"><span class='ocrx_word' id='word_1_11' title='bbox 284 533 358 590; x_wconf 91' lang='lat' dir='ltr'>lium</span> <span class='ocrx_word' id='word_1_12' title='bbox 389 534 491 591; x_wconf 81' lang='lat' dir='ltr'>mariti</span> <span class='ocrx_word' id='word_1_13' title='bbox 521 531 676 591; x_wconf 91' lang='lat' dir='ltr'>aduersum</span> <span class='ocrx_word' id='word_1_14' title='bbox 709 535 771 591; x_wconf 89' lang='lat' dir='ltr'>eius</span> <span class='ocrx_word' id='word_1_15' title='bbox 808 533 992 608; x_wconf 74' lang='lat' dir='ltr'>desperatam</span> <span class='ocrx_word' id='word_1_16' title='bbox 1026 535 1185 591; x_wconf 80' lang='lat' dir='ltr'>auaritiam</span> <span class='ocrx_word' id='word_1_17' title='bbox 1217 552 1293 592; x_wconf 92' lang='lat' dir='ltr'>com-</span> 
     </span>
    </p>
   </div>
   <div class='ocr_carea' id='block_1_3' title="bbox 181 621 1352 2649">
    <p class='ocr_par' dir='ltr' id='par_1_3' title="bbox 285 621 457 696">
     <span class='ocr_line' id='line_1_4' title="bbox 285 621 457 696; baseline -0.006 -17"><span class='ocrx_word' id='word_1_18' title='bbox 285 621 457 696; x_wconf 86' lang='lat' dir='ltr'>parandum.</span> 
     </span>
    </p>

    <p class='ocr_par' dir='ltr' id='par_1_4' title="bbox 181 709 1352 2383">
     <span class='ocr_line' id='line_1_5' title="bbox 181 709 1293 785; baseline -0.002 -15"><span class='ocrx_word' id='word_1_19' title='bbox 181 710 333 770; x_wconf 87' lang='lat' dir='ltr'>LXXVIII</span> <span class='ocrx_word' id='word_1_20' title='bbox 397 710 485 768; x_wconf 85' lang='lat' dir='ltr'>Hisce</span> <span class='ocrx_word' id='word_1_21' title='bbox 505 709 613 768; x_wconf 88' lang='lat' dir='ltr'>auditis</span> <span class='ocrx_word' id='word_1_22' title='bbox 633 709 822 769; x_wconf 73' lang='lat' dir='ltr'>exacerbatus</span> <span class='ocrx_word' id='word_1_23' title='bbox 842 711 1012 785; x_wconf 90' lang='lat' dir='ltr'>aquariolus</span> <span class='ocrx_word' id='word_1_24' title='bbox 1030 711 1086 769; x_wconf 90' lang='lat' dir='ltr'>iste</span> <span class='ocrx_word' id='word_1_25' title='bbox 1105 713 1204 770; x_wconf 86' lang='lat' dir='ltr'>uxoris</span> <span class='ocrx_word' id='word_1_26' title='bbox 1224 729 1293 770; x_wconf 89' lang='lat' dir='ltr'>suae</span> 
     </span>
     <span class='ocr_line' id='line_1_6' title="bbox 286 800 1293 873; baseline 0.002 -17"><span class='ocrx_word' id='word_1_27' title='bbox 286 801 330 857; x_wconf 92' lang='lat' dir='ltr'>ita</span> <span class='ocrx_word' id='word_1_28' title='bbox 348 800 394 856; x_wconf 89' lang='lat' dir='ltr'>ira</span> <span class='ocrx_word' id='word_1_29' title='bbox 412 800 566 873; x_wconf 89' lang='lat' dir='ltr'>extumuit,</span> <span class='ocrx_word' id='word_1_30' title='bbox 584 801 628 857; x_wconf 89' lang='lat' dir='ltr'>ita</span> <span class='ocrx_word' id='word_1_31' title='bbox 647 800 757 857; x_wconf 77' lang='lat' dir='ltr'>exarsit</span> <span class='ocrx_word' id='word_1_32' title='bbox 770 800 877 873; x_wconf 86' lang='lat' dir='ltr'>furore,</span> <span class='ocrx_word' id='word_1_33' title='bbox 896 802 930 857; x_wconf 90' lang='lat' dir='ltr'>ut</span> <span class='ocrx_word' id='word_1_34' title='bbox 943 800 975 856; x_wconf 92' lang='lat' dir='ltr'>in</span> <span class='ocrx_word' id='word_1_35' title='bbox 988 800 1129 858; x_wconf 87' lang='lat' dir='ltr'>feminam</span> <span class='ocrx_word' id='word_1_36' title='bbox 1143 800 1293 860; x_wconf 87' lang='lat' dir='ltr'>sanctissi-</span> 
     </span>
     <span class='ocr_line' id='line_1_7' title="bbox 284 887 1330 964; baseline 0.003 -20"><span class='ocrx_word' id='word_1_37' title='bbox 284 907 364 946; x_wconf 89' lang='lat' dir='ltr'>mam</span> <span class='ocrx_word' id='word_1_38' title='bbox 387 891 417 946; x_wconf 88' lang='lat' dir='ltr'>et</span> <span class='ocrx_word' id='word_1_39' title='bbox 439 887 660 963; x_wconf 85' lang='lat' dir='ltr'>pudicissimam</span> <span class='ocrx_word' id='word_1_40' title='bbox 682 890 838 962; x_wconf 88' lang='lat' dir='ltr'>praesente</span> <span class='ocrx_word' id='word_1_41' title='bbox 860 888 922 946; x_wconf 89' lang='lat' dir='ltr'>filio</span> <span class='ocrx_word' id='word_1_42' title='bbox 950 890 1012 946; x_wconf 90' lang='lat' dir='ltr'>eius</span> <span class='ocrx_word' id='word_1_43' title='bbox 1040 888 1130 964; x_wconf 87' lang='lat' dir='ltr'>digna</span> <span class='ocrx_word' id='word_1_44' title='bbox 1158 888 1293 947; x_wconf 90' lang='lat' dir='ltr'>cubiculo</span> <span class='ocrx_word' id='word_1_45' title='bbox 1319 908 1330 948; x_wconf 81' lang='lat' dir='ltr'>a</span> 
     </span>
     <span class='ocr_line' id='line_1_8' title="bbox 285 977 1352 1052; baseline 0 -18"><span class='ocrx_word' id='word_1_46' title='bbox 285 996 338 1035; x_wconf 92' lang='lat' dir='ltr'>suo</span> <span class='ocrx_word' id='word_1_47' title='bbox 357 977 476 1050; x_wconf 85' lang='lat' dir='ltr'>diceret,</span> <span class='ocrx_word' id='word_1_48' title='bbox 499 978 671 1035; x_wconf 83' lang='lat' dir='ltr'>amatricem</span> <span class='ocrx_word' id='word_1_49' title='bbox 693 995 768 1051; x_wconf 85' lang='lat' dir='ltr'>eam,</span> <span class='ocrx_word' id='word_1_50' title='bbox 791 995 836 1033; x_wconf 91' lang='lat' dir='ltr'>me</span> <span class='ocrx_word' id='word_1_51' title='bbox 855 995 977 1052; x_wconf 83' lang='lat' dir='ltr'>magum</span> <span class='ocrx_word' id='word_1_52' title='bbox 995 979 1025 1036; x_wconf 90' lang='lat' dir='ltr'>et</span> <span class='ocrx_word' id='word_1_53' title='bbox 1047 977 1210 1036; x_wconf 89' lang='lat' dir='ltr'>ueneficum</span> <span class='ocrx_word' id='word_1_54' title='bbox 1233 979 1292 1036; x_wconf 90' lang='lat' dir='ltr'>cla·</span> <span class='ocrx_word' id='word_1_55' title='bbox 1306 992 1352 1045; x_wconf 65' lang='lat' dir='ltr'>(aso)</span> 
     </span>
     <span class='ocr_line' id='line_1_9' title="bbox 284 1064 1292 1140; baseline 0.002 -17"><span class='ocrx_word' id='word_1_56' title='bbox 284 1067 405 1124; x_wconf 87' lang='lat' dir='ltr'>mitaret</span> <span class='ocrx_word' id='word_1_57' title='bbox 426 1065 529 1123; x_wconf 90' lang='lat' dir='ltr'>multis</span> <span class='ocrx_word' id='word_1_58' title='bbox 553 1064 752 1139; x_wconf 84' lang='lat' dir='ltr'>audientibus,</span> <span class='ocrx_word' id='word_1_59' title='bbox 781 1083 867 1139; x_wconf 84' lang='lat' dir='ltr'>quos,</span> <span class='ocrx_word' id='word_1_60' title='bbox 895 1068 920 1123; x_wconf 91' lang='lat' dir='ltr'>si</span> <span class='ocrx_word' id='word_1_61' title='bbox 943 1067 1039 1140; x_wconf 88' lang='lat' dir='ltr'>uoles,</span> <span class='ocrx_word' id='word_1_62' title='bbox 1067 1066 1239 1125; x_wconf 88' lang='lat' dir='ltr'>nominabo:</span> <span class='ocrx_word' id='word_1_63' title='bbox 1262 1085 1292 1125; x_wconf 89' lang='lat' dir='ltr'>se</span> 
     </span>
     <span class='ocr_line' id='line_1_10' title="bbox 284 1154 1293 1231; baseline 0.003 -20"><span class='ocrx_word' id='word_1_64' title='bbox 284 1154 358 1211; x_wconf 92' lang='lat' dir='ltr'>mihi</span> <span class='ocrx_word' id='word_1_65' title='bbox 381 1173 434 1212; x_wconf 90' lang='lat' dir='ltr'>sua</span> <span class='ocrx_word' id='word_1_66' title='bbox 461 1174 551 1212; x_wconf 90' lang='lat' dir='ltr'>manu</span> <span class='ocrx_word' id='word_1_67' title='bbox 581 1156 706 1212; x_wconf 87' lang='lat' dir='ltr'>mortem</span> <span class='ocrx_word' id='word_1_68' title='bbox 736 1155 904 1212; x_wconf 87' lang='lat' dir='ltr'>allaturum.</span> <span class='ocrx_word' id='word_1_69' title='bbox 950 1156 1000 1212; x_wconf 91' lang='lat' dir='ltr'>uix</span> <span class='ocrx_word' id='word_1_70' title='bbox 1027 1155 1144 1213; x_wconf 89' lang='lat' dir='ltr'>hercule</span> <span class='ocrx_word' id='word_1_71' title='bbox 1171 1174 1293 1231; x_wconf 90' lang='lat' dir='ltr'>possum</span> 
     </span>
     <span class='ocr_line' id='line_1_11' title="bbox 284 1242 1292 1319; baseline 0.002 -19"><span class='ocrx_word' id='word_1_72' title='bbox 284 1243 345 1300; x_wconf 91' lang='lat' dir='ltr'>irae</span> <span class='ocrx_word' id='word_1_73' title='bbox 375 1242 534 1301; x_wconf 88' lang='lat' dir='ltr'>moderari:</span> <span class='ocrx_word' id='word_1_74' title='bbox 567 1245 672 1319; x_wconf 89' lang='lat' dir='ltr'>ingens</span> <span class='ocrx_word' id='word_1_75' title='bbox 702 1242 869 1319; x_wconf 89' lang='lat' dir='ltr'>indignatio</span> <span class='ocrx_word' id='word_1_76' title='bbox 900 1245 997 1301; x_wconf 91' lang='lat' dir='ltr'>animo</span> <span class='ocrx_word' id='word_1_77' title='bbox 1028 1243 1169 1302; x_wconf 87' lang='lat' dir='ltr'>oboritur.</span> <span class='ocrx_word' id='word_1_78' title='bbox 1215 1247 1292 1318; x_wconf 91' lang='lat' dir='ltr'>tene,</span> 
     </span>
     <span class='ocr_line' id='line_1_12' title="bbox 284 1332 1330 1406; baseline 0.001 -17"><span class='ocrx_word' id='word_1_79' title='bbox 284 1332 549 1405; x_wconf 87' lang='lat' dir='ltr'>effeminatissime,</span> <span class='ocrx_word' id='word_1_80' title='bbox 582 1334 635 1389; x_wconf 90' lang='lat' dir='ltr'>tua</span> <span class='ocrx_word' id='word_1_81' title='bbox 668 1352 758 1390; x_wconf 87' lang='lat' dir='ltr'>manu</span> <span class='ocrx_word' id='word_1_82' title='bbox 788 1333 926 1406; x_wconf 90' lang='lat' dir='ltr'>cuiquam</span> <span class='ocrx_word' id='word_1_83' title='bbox 956 1333 1020 1389; x_wconf 88' lang='lat' dir='ltr'>uiro</span> <span class='ocrx_word' id='word_1_84' title='bbox 1050 1336 1176 1390; x_wconf 90' lang='lat' dir='ltr'>mortem</span> <span class='ocrx_word' id='word_1_85' title='bbox 1205 1334 1292 1390; x_wconf 89' lang='lat' dir='ltr'>mini-</span> <span class='ocrx_word' id='word_1_86' title='bbox 1306 1353 1330 1391; x_wconf 88' lang='lat'>10</span> 
     </span>
     <span class='ocr_line' id='line_1_13' title="bbox 283 1419 1292 1494; baseline 0.002 -16"><span class='ocrx_word' id='word_1_87' title='bbox 283 1421 354 1478; x_wconf 89' lang='lat' dir='ltr'>tari!</span> <span class='ocrx_word' id='word_1_88' title='bbox 397 1423 430 1478; x_wconf 87' lang='lat' dir='ltr'>at</span> <span class='ocrx_word' id='word_1_89' title='bbox 457 1439 516 1494; x_wconf 89' lang='lat' dir='ltr'>qua</span> <span class='ocrx_word' id='word_1_90' title='bbox 543 1420 665 1478; x_wconf 90' lang='lat' dir='ltr'>tandem</span> <span class='ocrx_word' id='word_1_91' title='bbox 691 1419 801 1477; x_wconf 86' lang='lat' dir='ltr'>manu?</span> <span class='ocrx_word' id='word_1_92' title='bbox 838 1420 1018 1479; x_wconf 88' lang='lat' dir='ltr'>Philomelae</span> <span class='ocrx_word' id='word_1_93' title='bbox 1046 1441 1083 1479; x_wconf 93' lang='lat' dir='ltr'>an</span> <span class='ocrx_word' id='word_1_94' title='bbox 1110 1421 1232 1479; x_wconf 90' lang='lat' dir='ltr'>Medeae</span> <span class='ocrx_word' id='word_1_95' title='bbox 1255 1441 1292 1480; x_wconf 89' lang='lat' dir='ltr'>an</span> 
     </span>
     <span class='ocr_line' id='line_1_14' title="bbox 285 1507 1292 1584; baseline 0.003 -18"><span class='ocrx_word' id='word_1_96' title='bbox 285 1507 517 1584; x_wconf 77' lang='lat' dir='ltr'>Clytemestrae?</span> <span class='ocrx_word' id='word_1_97' title='bbox 564 1527 637 1583; x_wconf 87' lang='lat' dir='ltr'>quas</span> <span class='ocrx_word' id='word_1_98' title='bbox 659 1511 759 1566; x_wconf 90' lang='lat' dir='ltr'>tamen</span> <span class='ocrx_word' id='word_1_99' title='bbox 783 1528 850 1567; x_wconf 80' lang='lat' dir='ltr'>cam</span> <span class='ocrx_word' id='word_1_100' title='bbox 872 1511 964 1568; x_wconf 83' lang='lat' dir='ltr'>saltas</span> <span class='ocrx_word' id='word_1_101' title='bbox 987 1541 1031 1549; x_wconf 91' lang='lat'>-</span> <span class='ocrx_word' id='word_1_102' title='bbox 1053 1513 1140 1568; x_wconf 90' lang='lat' dir='ltr'>tanta</span> <span class='ocrx_word' id='word_1_103' title='bbox 1162 1511 1292 1569; x_wconf 88' lang='lat' dir='ltr'>mollitia</span> 
     </span>
     <span class='ocr_line' id='line_1_15' title="bbox 284 1597 1291 1672; baseline 0.001 -18"><span class='ocrx_word' id='word_1_104' title='bbox 284 1598 388 1671; x_wconf 85' lang='lat' dir='ltr'>animi,</span> <span class='ocrx_word' id='word_1_105' title='bbox 415 1599 419 1663; x_wconf 77' lang='lat' dir='ltr'>l</span> <span class='ocrx_word' id='word_1_106' title='bbox 446 1599 532 1655; x_wconf 89' lang='lat' dir='ltr'>tanta</span> <span class='ocrx_word' id='word_1_107' title='bbox 561 1597 686 1655; x_wconf 86' lang='lat' dir='ltr'>formido</span> <span class='ocrx_word' id='word_1_108' title='bbox 715 1598 787 1654; x_wconf 83' lang='lat' dir='ltr'>ferri</span> <span class='ocrx_word' id='word_1_109' title='bbox 818 1601 863 1656; x_wconf 87' lang='lat' dir='ltr'>cst</span> <span class='ocrx_word' id='word_1_110' title='bbox 885 1630 937 1672; x_wconf 88' lang='lat'>—,</span> <span class='ocrx_word' id='word_1_111' title='bbox 965 1600 1027 1656; x_wconf 88' lang='lat' dir='ltr'>sine</span> <span class='ocrx_word' id='word_1_112' title='bbox 1050 1598 1166 1656; x_wconf 89' lang='lat' dir='ltr'>cludine</span> <span class='ocrx_word' id='word_1_113' title='bbox 1190 1599 1291 1659; x_wconf 87' lang='lat' dir='ltr'>saltas.</span> 
     </span>
     <span class='ocr_line' id='line_1_16' title="bbox 283 1684 1292 1763; baseline 0.003 -20"><span class='ocrx_word' id='word_1_114' title='bbox 283 1685 334 1743; x_wconf 91' lang='lat' dir='ltr'>sed</span> <span class='ocrx_word' id='word_1_115' title='bbox 356 1703 393 1742; x_wconf 87' lang='lat' dir='ltr'>ne</span> <span class='ocrx_word' id='word_1_116' title='bbox 416 1686 533 1762; x_wconf 82' lang='lat' dir='ltr'>longius</span> <span class='ocrx_word' id='word_1_117' title='bbox 557 1684 593 1743; x_wconf 92' lang='lat' dir='ltr'>ab</span> <span class='ocrx_word' id='word_1_118' title='bbox 617 1686 718 1744; x_wconf 88' lang='lat' dir='ltr'>ordine</span> <span class='ocrx_word' id='word_1_119' title='bbox 746 1686 908 1762; x_wconf 80' lang='lat' dir='ltr'>digrediar:</span> <span class='ocrx_word' id='word_1_120' title='bbox 935 1686 1105 1746; x_wconf 88' lang='lat' dir='ltr'>Pudentilla</span> <span class='ocrx_word' id='word_1_121' title='bbox 1131 1691 1292 1763; x_wconf 86' lang='lat' dir='ltr'>postquam</span> 
     </span>
     <span class='ocr_line' id='line_1_17' title="bbox 283 1770 1328 1855; baseline 0.004 -25"><span class='ocrx_word' id='word_1_122' title='bbox 283 1773 377 1831; x_wconf 89' lang='lat' dir='ltr'>filium</span> <span class='ocrx_word' id='word_1_123' title='bbox 402 1774 484 1832; x_wconf 88' lang='lat' dir='ltr'>uidet</span> <span class='ocrx_word' id='word_1_124' title='bbox 512 1777 631 1849; x_wconf 88' lang='lat' dir='ltr'>praeter</span> <span class='ocrx_word' id='word_1_125' title='bbox 660 1776 830 1850; x_wconf 89' lang='lat' dir='ltr'>opinionem</span> <span class='ocrx_word' id='word_1_126' title='bbox 853 1770 983 1854; x_wconf 87' lang='lat' dir='ltr'>[contra]</span> <span class='ocrx_word' id='word_1_127' title='bbox 1014 1795 1098 1834; x_wconf 91' lang='lat' dir='ltr'>suam</span> <span class='ocrx_word' id='word_1_128' title='bbox 1126 1793 1188 1834; x_wconf 91' lang='lat' dir='ltr'>esse</span> <span class='ocrx_word' id='word_1_129' title='bbox 1212 1771 1328 1855; x_wconf 78' lang='lat' dir='ltr'>[sen-15</span> 
     </span>
     <span class='ocr_line' id='line_1_18' title="bbox 282 1857 1291 1940; baseline 0.004 -21"><span class='ocrx_word' id='word_1_130' title='bbox 282 1857 422 1940; x_wconf 86' lang='lat' dir='ltr'>tentiam]</span> <span class='ocrx_word' id='word_1_131' title='bbox 445 1863 648 1938; x_wconf 84' lang='lat' dir='ltr'>deprauatum,</span> <span class='ocrx_word' id='word_1_132' title='bbox 671 1882 721 1922; x_wconf 89' lang='lat' dir='ltr'>rus</span> <span class='ocrx_word' id='word_1_133' title='bbox 744 1865 878 1939; x_wconf 79' lang='lat' dir='ltr'>profecta</span> <span class='ocrx_word' id='word_1_134' title='bbox 901 1866 1019 1940; x_wconf 88' lang='lat' dir='ltr'>scripsit</span> <span class='ocrx_word' id='word_1_135' title='bbox 1042 1865 1079 1922; x_wconf 87' lang='lat' dir='ltr'>ad</span> <span class='ocrx_word' id='word_1_136' title='bbox 1103 1883 1170 1923; x_wconf 89' lang='lat' dir='ltr'>eum</span> <span class='ocrx_word' id='word_1_137' title='bbox 1193 1865 1291 1923; x_wconf 92' lang='lat' dir='ltr'>obiur-</span> 
     </span>
     <span class='ocr_line' id='line_1_19' title="bbox 283 1951 1292 2028; baseline 0.005 -20"><span class='ocrx_word' id='word_1_138' title='bbox 283 1951 373 2027; x_wconf 83' lang='lat' dir='ltr'>gandi</span> <span class='ocrx_word' id='word_1_139' title='bbox 400 1953 498 2027; x_wconf 75' lang='lat' dir='ltr'>gratia</span> <span class='ocrx_word' id='word_1_140' title='bbox 527 1953 595 2010; x_wconf 91' lang='lat' dir='ltr'>illas</span> <span class='ocrx_word' id='word_1_141' title='bbox 624 1954 837 2011; x_wconf 86' lang='lat' dir='ltr'>famosissimas</span> <span class='ocrx_word' id='word_1_142' title='bbox 867 1953 996 2027; x_wconf 87' lang='lat' dir='ltr'>litteras,</span> <span class='ocrx_word' id='word_1_143' title='bbox 1026 1952 1146 2028; x_wconf 83' lang='lat' dir='ltr'>quibus,</span> <span class='ocrx_word' id='word_1_144' title='bbox 1176 1957 1211 2012; x_wconf 92' lang='lat' dir='ltr'>ut</span> <span class='ocrx_word' id='word_1_145' title='bbox 1239 1956 1292 2013; x_wconf 80' lang='lat' dir='ltr'>isti</span> 
     </span>
     <span class='ocr_line' id='line_1_20' title="bbox 284 2040 1291 2118; baseline 0.004 -20"><span class='ocrx_word' id='word_1_146' title='bbox 284 2040 411 2115; x_wconf 79' lang='lat' dir='ltr'>aiebant,</span> <span class='ocrx_word' id='word_1_147' title='bbox 434 2041 567 2100; x_wconf 86' lang='lat' dir='ltr'>confessa</span> <span class='ocrx_word' id='word_1_148' title='bbox 585 2045 638 2115; x_wconf 88' lang='lat' dir='ltr'>est,</span> <span class='ocrx_word' id='word_1_149' title='bbox 657 2060 719 2100; x_wconf 90' lang='lat' dir='ltr'>sese</span> <span class='ocrx_word' id='word_1_150' title='bbox 737 2060 804 2100; x_wconf 89' lang='lat' dir='ltr'>mea</span> <span class='ocrx_word' id='word_1_151' title='bbox 822 2043 922 2118; x_wconf 84' lang='lat' dir='ltr'>magia</span> <span class='ocrx_word' id='word_1_152' title='bbox 939 2043 971 2099; x_wconf 93' lang='lat' dir='ltr'>in</span> <span class='ocrx_word' id='word_1_153' title='bbox 990 2060 1121 2100; x_wconf 87' lang='lat' dir='ltr'>amorem</span> <span class='ocrx_word' id='word_1_154' title='bbox 1138 2041 1291 2102; x_wconf 88' lang='lat' dir='ltr'>inductam</span> 
     </span>
     <span class='ocr_line' id='line_1_21' title="bbox 283 2128 1352 2209; baseline 0 -22"><span class='ocrx_word' id='word_1_155' title='bbox 283 2128 461 2189; x_wconf 87' lang='lat' dir='ltr'>dementire:</span> <span class='ocrx_word' id='word_1_156' title='bbox 490 2149 563 2205; x_wconf 88' lang='lat' dir='ltr'>quas</span> <span class='ocrx_word' id='word_1_157' title='bbox 586 2133 686 2189; x_wconf 89' lang='lat' dir='ltr'>tamen</span> <span class='ocrx_word' id='word_1_158' title='bbox 710 2131 826 2190; x_wconf 88' lang='lat' dir='ltr'>litteras</span> <span class='ocrx_word' id='word_1_159' title='bbox 853 2128 1001 2189; x_wconf 81' lang='lat' dir='ltr'>tabulario</span> <span class='ocrx_word' id='word_1_160' title='bbox 1024 2130 1178 2207; x_wconf 86' lang='lat' dir='ltr'>Pontiani,</span> <span class='ocrx_word' id='word_1_161' title='bbox 1205 2151 1290 2209; x_wconf 88' lang='lat' dir='ltr'>prae·</span> <span class='ocrx_word' id='word_1_162' title='bbox 1304 2146 1352 2199; x_wconf 77' lang='lat' dir='ltr'>(seo</span> 
     </span>
     <span class='ocr_line' id='line_1_22' title="bbox 283 2219 1329 2294; baseline 0.004 -17"><span class='ocrx_word' id='word_1_163' title='bbox 283 2222 364 2278; x_wconf 88' lang='lat' dir='ltr'>sente</span> <span class='ocrx_word' id='word_1_164' title='bbox 392 2222 422 2278; x_wconf 90' lang='lat' dir='ltr'>et</span> <span class='ocrx_word' id='word_1_165' title='bbox 451 2222 554 2278; x_wconf 89' lang='lat' dir='ltr'>contra</span> <span class='ocrx_word' id='word_1_166' title='bbox 583 2219 727 2278; x_wconf 86' lang='lat' dir='ltr'>scribente</span> <span class='ocrx_word' id='word_1_167' title='bbox 757 2220 939 2294; x_wconf 89' lang='lat' dir='ltr'>Aemiliano,</span> <span class='ocrx_word' id='word_1_168' title='bbox 968 2220 1075 2280; x_wconf 90' lang='lat' dir='ltr'>nudius</span> <span class='ocrx_word' id='word_1_169' title='bbox 1104 2222 1210 2280; x_wconf 87' lang='lat' dir='ltr'>tertius</span> <span class='ocrx_word' id='word_1_170' title='bbox 1237 2224 1290 2281; x_wconf 88' lang='lat' dir='ltr'>tuo</span> <span class='ocrx_word' id='word_1_171' title='bbox 1305 2242 1329 2281; x_wconf 77' lang='lat' dir='ltr'>ro</span> 
     </span>
     <span class='ocr_line' id='line_1_23' title="bbox 282 2308 1290 2383; baseline 0.004 -19"><span class='ocrx_word' id='word_1_172' title='bbox 282 2309 373 2382; x_wconf 79' lang='lat' dir='ltr'>iussu,</span> <span class='ocrx_word' id='word_1_173' title='bbox 395 2308 531 2383; x_wconf 88' lang='lat' dir='ltr'>Maxime,</span> <span class='ocrx_word' id='word_1_174' title='bbox 553 2311 665 2366; x_wconf 91' lang='lat' dir='ltr'>testato</span> <span class='ocrx_word' id='word_1_175' title='bbox 688 2308 902 2383; x_wconf 85' lang='lat' dir='ltr'>describsimus,</span> <span class='ocrx_word' id='word_1_176' title='bbox 925 2310 956 2366; x_wconf 92' lang='lat' dir='ltr'>in</span> <span class='ocrx_word' id='word_1_177' title='bbox 980 2309 1086 2383; x_wconf 90' lang='lat' dir='ltr'>quibus</span> <span class='ocrx_word' id='word_1_178' title='bbox 1104 2311 1204 2368; x_wconf 89' lang='lat' dir='ltr'>omnia</span> <span class='ocrx_word' id='word_1_179' title='bbox 1223 2329 1290 2370; x_wconf 91' lang='lat' dir='ltr'>con-</span> 
     </span>
    </p>

    <p class='ocr_par' dir='ltr' id='par_1_5' title="bbox 181 2390 1290 2649">
     <span class='ocr_line' id='line_1_24' title="bbox 181 2390 1289 2474; baseline 0.001 -18"><span class='ocrx_word' id='word_1_180' title='bbox 181 2396 297 2456; x_wconf 80' lang='lat' dir='ltr'>LXXIX</span> <span class='ocrx_word' id='word_1_181' title='bbox 342 2399 390 2454; x_wconf 88' lang='lat' dir='ltr'>tra</span> <span class='ocrx_word' id='word_1_182' title='bbox 407 2390 658 2471; x_wconf 85' lang='lat' dir='ltr'>praedicationem</span> <span class='ocrx_word' id='word_1_183' title='bbox 675 2397 800 2455; x_wconf 90' lang='lat' dir='ltr'>istorum</span> <span class='ocrx_word' id='word_1_184' title='bbox 818 2417 871 2473; x_wconf 91' lang='lat' dir='ltr'>pro</span> <span class='ocrx_word' id='word_1_185' title='bbox 891 2416 937 2455; x_wconf 90' lang='lat' dir='ltr'>mc</span> <span class='ocrx_word' id='word_1_186' title='bbox 955 2399 1149 2473; x_wconf 79' lang='lat' dir='ltr'>reperiuntur.</span> <span class='ocrx_word' id='word_1_187' title='bbox 1188 2418 1289 2474; x_wconf 90' lang='lat' dir='ltr'>quam-</span> 
     </span>
     <span class='ocr_line' id='line_1_25' title="bbox 284 2484 1289 2562; baseline 0.004 -21"><span class='ocrx_word' id='word_1_188' title='bbox 284 2503 388 2559; x_wconf 86' lang='lat' dir='ltr'>quam,</span> <span class='ocrx_word' id='word_1_189' title='bbox 418 2486 473 2543; x_wconf 89' lang='lat' dir='ltr'>etsi</span> <span class='ocrx_word' id='word_1_190' title='bbox 501 2484 669 2543; x_wconf 84' lang='lat' dir='ltr'>destrictius</span> <span class='ocrx_word' id='word_1_191' title='bbox 692 2504 813 2562; x_wconf 82' lang='lat' dir='ltr'>magum</span> <span class='ocrx_word' id='word_1_192' title='bbox 836 2505 882 2543; x_wconf 90' lang='lat' dir='ltr'>me</span> <span class='ocrx_word' id='word_1_193' title='bbox 906 2485 1042 2559; x_wconf 84' lang='lat' dir='ltr'>dixisset,</span> <span class='ocrx_word' id='word_1_194' title='bbox 1071 2490 1171 2562; x_wconf 89' lang='lat' dir='ltr'>posset</span> <span class='ocrx_word' id='word_1_195' title='bbox 1193 2488 1289 2545; x_wconf 87' lang='lat' dir='ltr'>uideri</span> 
     </span>
     <span class='ocr_line' id='line_1_26' title="bbox 284 2571 1290 2649; baseline 0.004 -20"><span class='ocrx_word' id='word_1_196' title='bbox 284 2571 489 2630; x_wconf 84' lang='lat' dir='ltr'>excusabunda</span> <span class='ocrx_word' id='word_1_197' title='bbox 518 2592 549 2633; x_wconf 91' lang='lat' dir='ltr'>se</span> <span class='ocrx_word' id='word_1_198' title='bbox 578 2574 640 2631; x_wconf 92' lang='lat' dir='ltr'>filio</span> <span class='ocrx_word' id='word_1_199' title='bbox 670 2575 732 2631; x_wconf 91' lang='lat' dir='ltr'>uim</span> <span class='ocrx_word' id='word_1_200' title='bbox 760 2592 857 2632; x_wconf 88' lang='lat' dir='ltr'>meam</span> <span class='ocrx_word' id='word_1_201' title='bbox 885 2593 974 2649; x_wconf 91' lang='lat' dir='ltr'>quam</span> <span class='ocrx_word' id='word_1_202' title='bbox 996 2576 1182 2634; x_wconf 89' lang='lat' dir='ltr'>uoluntatem</span> <span class='ocrx_word' id='word_1_203' title='bbox 1204 2595 1290 2635; x_wconf 90' lang='lat' dir='ltr'>suam</span> 
     </span>
    </p>
   </div>
   <div class='ocr_carea' id='block_1_4' title="bbox 352 2774 1282 2887">
    <p class='ocr_par' dir='ltr' id='par_1_6' title="bbox 352 2774 1282 2887">
     <span class='ocr_line' id='line_1_27' title="bbox 352 2774 1282 2887; baseline 0.01 -24"><span class='ocrx_word' id='word_1_204' title='bbox 352 2818 438 2864; x_wconf 84' lang='lat'><strong>3-13</strong></span> <span class='ocrx_word' id='word_1_205' title='bbox 457 2814 544 2866; x_wconf 70' lang='lat' dir='ltr'>cond</span> <span class='ocrx_word' id='word_1_206' title='bbox 598 2774 802 2883; x_wconf 68' lang='lat' dir='ltr'>textidduito</span> <span class='ocrx_word' id='word_1_207' title='bbox 866 2817 929 2867; x_wconf 76' lang='lat' dir='ltr'>bct</span> <span class='ocrx_word' id='word_1_208' title='bbox 946 2814 1156 2883; x_wconf 87' lang='lat' dir='ltr'>pudicissimam</span> <span class='ocrx_word' id='word_1_209' title='bbox 1171 2816 1282 2887; x_wconf 58' lang='lat' dir='ltr'>emp}</span> 
     </span>
    </p>
   </div>
   <div class='ocr_carea' id='block_1_5' title="bbox 280 2887 1287 3243">
    <p class='ocr_par' dir='ltr' id='par_1_7' title="bbox 280 2887 1287 3243">
     <span class='ocr_line' id='line_1_28' title="bbox 282 2887 1287 3018; baseline 0.004 -29"><span class='ocrx_word' id='word_1_210' title='bbox 282 2936 403 3006; x_wconf 76' lang='lat' dir='ltr'>dignap</span> <span class='ocrx_word' id='word_1_211' title='bbox 467 2942 482 2990; x_wconf 90' lang='lat'><strong>8</strong></span> <span class='ocrx_word' id='word_1_212' title='bbox 501 2936 646 3018; x_wconf 66' lang='lat' dir='ltr'>illaturum</span> <span class='ocrx_word' id='word_1_213' title='bbox 661 2937 776 2992; x_wconf 80' lang='lat' dir='ltr'>Cascab.</span> <span class='ocrx_word' id='word_1_214' title='bbox 794 2941 798 3006; x_wconf 80' lang='grc' dir='ltr'>Ι</span> <span class='ocrx_word' id='word_1_215' title='bbox 813 2937 925 2991; x_wconf 88' lang='lat' dir='ltr'>hercule</span> <span class='ocrx_word' id='word_1_216' title='bbox 939 2887 1106 3007; x_wconf 48' lang='lat' dir='ltr'>Frhgrhulw</span> <span class='ocrx_word' id='word_1_217' title='bbox 1193 2942 1287 2993; x_wconf 74' lang='lat' dir='ltr'>etone</span> 
     </span>
     <span class='ocr_line' id='line_1_29' title="bbox 280 3007 1287 3096; baseline 0.004 -36"><span class='ocrx_word' id='word_1_218' title='bbox 280 3007 359 3061; x_wconf 77' lang='lat' dir='ltr'>Hild.</span> <span class='ocrx_word' id='word_1_219' title='bbox 379 3010 446 3060; x_wconf 90' lang='lat' dir='ltr'>tune</span> <span class='ocrx_word' id='word_1_220' title='bbox 465 3008 513 3077; x_wconf 72' lang='grc' dir='ltr'>Ρφ</span> <span class='ocrx_word' id='word_1_221' title='bbox 530 3011 534 3075; x_wconf 91' lang='grc' dir='ltr'>Ι</span> <span class='ocrx_word' id='word_1_222' title='bbox 556 3008 682 3096; x_wconf 82' lang='lat' dir='ltr'>nnnitari</span> <span class='ocrx_word' id='word_1_223' title='bbox 699 3009 748 3077; x_wconf 64' lang='lat' dir='ltr'>Fa</span> <span class='ocrx_word' id='word_1_224' title='bbox 766 3008 1016 3063; x_wconf 83' lang='lat' dir='ltr'>tunc—minitaris</span> <span class='ocrx_word' id='word_1_225' title='bbox 1035 3018 1047 3063; x_wconf 84' lang='lat'>?</span> <span class='ocrx_word' id='word_1_226' title='bbox 1067 3011 1116 3064; x_wconf 84' lang='lat' dir='ltr'>Kr.</span> <span class='ocrx_word' id='word_1_227' title='bbox 1192 3016 1222 3063; x_wconf 91' lang='lat'>11</span> <span class='ocrx_word' id='word_1_228' title='bbox 1243 3010 1287 3064; x_wconf 84' lang='lat' dir='ltr'>An</span> 
     </span>
     <span class='ocr_line' id='line_1_30' title="bbox 280 3084 1285 3243; baseline 0.005 -60"><span class='ocrx_word' id='word_1_229' title='bbox 280 3132 437 3184; x_wconf 87' lang='lat' dir='ltr'>me-de-ae</span> <span class='ocrx_word' id='word_1_230' title='bbox 461 3147 497 3184; x_wconf 86' lang='lat' dir='ltr'>an</span> <span class='ocrx_word' id='word_1_231' title='bbox 520 3084 612 3185; x_wconf 48' lang='lat' dir='ltr'>climss&#39;t&#39;e</span> <span class='ocrx_word' id='word_1_232' title='bbox 630 3132 773 3185; x_wconf 63' lang='lat' dir='ltr'>n’rstrael*</span> <span class='ocrx_word' id='word_1_233' title='bbox 801 3147 837 3185; x_wconf 88' lang='lat' dir='ltr'>an</span> <span class='ocrx_word' id='word_1_234' title='bbox 860 3148 905 3243; x_wconf 61' lang='lat' dir='ltr'>me</span> <span class='ocrx_word' id='word_1_235' title='bbox 927 3135 996 3187; x_wconf 89' lang='lat' dir='ltr'>deae</span> <span class='ocrx_word' id='word_1_236' title='bbox 1020 3134 1122 3188; x_wconf 90' lang='lat' dir='ltr'>anclite</span> <span class='ocrx_word' id='word_1_237' title='bbox 1145 3094 1285 3203; x_wconf 69' lang='lat' dir='ltr'>iiltraep</span> 
     </span>
    </p>
   </div>
   <div class='ocr_carea' id='block_1_6' title="bbox 282 3228 1284 3400">
    <p class='ocr_par' dir='ltr' id='par_1_8' title="bbox 282 3228 1284 3400">
     <span class='ocr_line' id='line_1_31' title="bbox 282 3228 1284 3328; baseline 0.005 -21"><span class='ocrx_word' id='word_1_238' title='bbox 282 3260 314 3307; x_wconf 80' lang='lat'>12</span> <span class='ocrx_word' id='word_1_239' title='bbox 334 3272 397 3308; x_wconf 87' lang='lat' dir='ltr'>curn</span> <span class='ocrx_word' id='word_1_240' title='bbox 415 3256 502 3308; x_wconf 87' lang='lat' dir='ltr'>saltas</span> <span class='ocrx_word' id='word_1_241' title='bbox 515 3257 593 3324; x_wconf 82' lang='lat' dir='ltr'>Lips.</span> <span class='ocrx_word' id='word_1_242' title='bbox 609 3256 813 3325; x_wconf 83' lang='lat' dir='ltr'>consultast</span> <span class='ocrx_word' id='word_1_243' title='bbox 829 3260 833 3325; x_wconf 91' lang='grc' dir='ltr'>Ι</span> <span class='ocrx_word' id='word_1_244' title='bbox 849 3228 993 3310; x_wconf 81' lang='lat' dir='ltr'>mdlitiaF</span> <span class='ocrx_word' id='word_1_245' title='bbox 1009 3261 1042 3328; x_wconf 85' lang='lat' dir='ltr'>(c.</span> <span class='ocrx_word' id='word_1_246' title='bbox 1052 3259 1284 3326; x_wconf 57' lang='lat' dir='ltr'>inremissam)</span> 
     </span>
     <span class='ocr_line' id='line_1_32' title="bbox 282 3325 1284 3400; baseline 0.005 -22"><span class='ocrx_word' id='word_1_247' title='bbox 282 3331 314 3378; x_wconf 86' lang='lat'>13</span> <span class='ocrx_word' id='word_1_248' title='bbox 342 3325 454 3381; x_wconf 91' lang='lat' dir='ltr'>cludine</span> <span class='ocrx_word' id='word_1_249' title='bbox 481 3327 530 3396; x_wconf 68' lang='lat' dir='ltr'>llo</span> <span class='ocrx_word' id='word_1_250' title='bbox 631 3332 662 3380; x_wconf 80' lang='lat'>15</span> <span class='ocrx_word' id='word_1_251' title='bbox 690 3327 770 3380; x_wconf 91' lang='lat' dir='ltr'>uidet</span> <span class='ocrx_word' id='word_1_252' title='bbox 796 3327 845 3396; x_wconf 64' lang='lat' dir='ltr'>Fa</span> <span class='ocrx_word' id='word_1_253' title='bbox 872 3328 946 3381; x_wconf 89' lang='lat' dir='ltr'>uidit</span> <span class='ocrx_word' id='word_1_254' title='bbox 974 3329 1025 3383; x_wconf 85' lang='lat' dir='ltr'>Kr.</span> <span class='ocrx_word' id='word_1_255' title='bbox 1060 3331 1064 3397; x_wconf 87' lang='grc' dir='ltr'>Ι</span> <span class='ocrx_word' id='word_1_256' title='bbox 1098 3328 1219 3400; x_wconf 86' lang='lat' dir='ltr'>[contra]</span> <span class='ocrx_word' id='word_1_257' title='bbox 1246 3346 1284 3383; x_wconf 83' lang='lat' dir='ltr'>sc-</span> 
     </span>
    </p>
   </div>
   <div class='ocr_carea' id='block_1_7' title="bbox 279 3396 1283 3517">
    <p class='ocr_par' dir='ltr' id='par_1_9' title="bbox 279 3396 1283 3517">
     <span class='ocr_line' id='line_1_33' title="bbox 279 3396 1283 3470; baseline 0.001 -20"><span class='ocrx_word' id='word_1_258' title='bbox 279 3396 362 3452; x_wconf 74' lang='lat' dir='ltr'>clusit</span> <span class='ocrx_word' id='word_1_259' title='bbox 385 3397 436 3451; x_wconf 84' lang='lat' dir='ltr'>Kr.</span> <span class='ocrx_word' id='word_1_260' title='bbox 460 3399 509 3466; x_wconf 77' lang='lat' dir='ltr'>qai</span> <span class='ocrx_word' id='word_1_261' title='bbox 533 3399 614 3453; x_wconf 77' lang='lat' dir='ltr'>etiam</span> <span class='ocrx_word' id='word_1_262' title='bbox 639 3399 738 3452; x_wconf 76' lang='lat' dir='ltr'>deleuit</span> <span class='ocrx_word' id='word_1_263' title='bbox 763 3414 842 3451; x_wconf 90' lang='lat' dir='ltr'>suam</span> <span class='ocrx_word' id='word_1_264' title='bbox 871 3402 874 3467; x_wconf 82' lang='grc'>1</span> <span class='ocrx_word' id='word_1_265' title='bbox 904 3398 1095 3470; x_wconf 84' lang='lat' dir='ltr'>[sententiam]</span> <span class='ocrx_word' id='word_1_266' title='bbox 1120 3401 1211 3454; x_wconf 77' lang='lat' dir='ltr'>seclus.</span> <span class='ocrx_word' id='word_1_267' title='bbox 1232 3400 1283 3453; x_wconf 83' lang='lat' dir='ltr'>Kr.</span> 
     </span>
     <span class='ocr_line' id='line_1_34' title="bbox 335 3469 521 3517; baseline 0.011 -10"><span class='ocrx_word' id='word_1_268' title='bbox 335 3469 521 3517; x_wconf 54' lang='lat' dir='ltr'>[formosissimas</span> 
     </span>
    </p>
   </div>
   <div class='ocr_carea' id='block_1_8' title="bbox 264 3518 1289 3806">
    <p class='ocr_par' dir='ltr' id='par_1_10' title="bbox 264 3518 1289 3806">
     <span class='ocr_line' id='line_1_35' title="bbox 282 3518 1284 3592; baseline 0.003 -20"><span class='ocrx_word' id='word_1_269' title='bbox 282 3526 314 3573; x_wconf 78' lang='lat'>17</span> <span class='ocrx_word' id='word_1_270' title='bbox 333 3518 533 3575; x_wconf 86' lang='lat' dir='ltr'>famosissimas</span> <span class='ocrx_word' id='word_1_271' title='bbox 552 3522 597 3575; x_wconf 80' lang='lat' dir='ltr'>Fa</span> <span class='ocrx_word' id='word_1_272' title='bbox 615 3520 828 3575; x_wconf 84' lang='lat' dir='ltr'>formosissimas</span> <span class='ocrx_word' id='word_1_273' title='bbox 848 3541 869 3591; x_wconf 80' lang='grc' dir='ltr'><strong><em>φ</em></strong></span> <span class='ocrx_word' id='word_1_274' title='bbox 943 3529 974 3576; x_wconf 89' lang='grc'>19</span> <span class='ocrx_word' id='word_1_275' title='bbox 994 3522 1102 3577; x_wconf 85' lang='lat' dir='ltr'>litteras</span> <span class='ocrx_word' id='word_1_276' title='bbox 1117 3523 1166 3592; x_wconf 65' lang='lat' dir='ltr'>Fa</span> <span class='ocrx_word' id='word_1_277' title='bbox 1183 3526 1187 3591; x_wconf 92' lang='grc' dir='ltr'>Ι</span> <span class='ocrx_word' id='word_1_278' title='bbox 1203 3523 1284 3576; x_wconf 86' lang='lat' dir='ltr'>tabu-</span> 
     </span>
     <span class='ocr_line' id='line_1_36' title="bbox 279 3590 1282 3661; baseline 0.004 -18"><span class='ocrx_word' id='word_1_279' title='bbox 279 3590 351 3645; x_wconf 77' lang='lat' dir='ltr'>lario</span> <span class='ocrx_word' id='word_1_280' title='bbox 369 3590 501 3645; x_wconf 79' lang='lat' dir='ltr'>Pontiani</span> <span class='ocrx_word' id='word_1_281' title='bbox 514 3593 563 3661; x_wconf 76' lang='lat' dir='ltr'>Ftp</span> <span class='ocrx_word' id='word_1_282' title='bbox 578 3594 612 3659; x_wconf 80' lang='lat' dir='ltr'>cf.</span> <span class='ocrx_word' id='word_1_283' title='bbox 629 3597 719 3654; x_wconf 61' lang='lat'>1084,</span> <span class='ocrx_word' id='word_1_284' title='bbox 737 3598 789 3646; x_wconf 73' lang='lat'>577</span> <span class='ocrx_word' id='word_1_285' title='bbox 805 3591 835 3646; x_wconf 89' lang='lat' dir='ltr'>O.</span> <span class='ocrx_word' id='word_1_286' title='bbox 850 3611 876 3661; x_wconf 92' lang='lat' dir='ltr'>p.</span> <span class='ocrx_word' id='word_1_287' title='bbox 888 3598 929 3648; x_wconf 86' lang='lat'>99.</span> <span class='ocrx_word' id='word_1_288' title='bbox 942 3594 1012 3649; x_wconf 87' lang='lat' dir='ltr'>1Kr.</span> <span class='ocrx_word' id='word_1_289' title='bbox 1029 3601 1053 3649; x_wconf 78' lang='lat' dir='ltr'>et</span> <span class='ocrx_word' id='word_1_290' title='bbox 1068 3600 1175 3659; x_wconf 36' lang='lat'>102114,</span> <span class='ocrx_word' id='word_1_291' title='bbox 1191 3600 1242 3648; x_wconf 78' lang='lat'>669</span> <span class='ocrx_word' id='word_1_292' title='bbox 1253 3592 1282 3647; x_wconf 90' lang='grc'>0.</span> 
     </span>
     <span class='ocr_line' id='line_1_37' title="bbox 275 3662 1284 3728; baseline 0.003 -14"><span class='ocrx_word' id='word_1_293' title='bbox 275 3680 306 3728; x_wconf 88' lang='lat' dir='ltr'>p.</span> <span class='ocrx_word' id='word_1_294' title='bbox 318 3667 359 3715; x_wconf 83' lang='lat'>93.</span> <span class='ocrx_word' id='word_1_295' title='bbox 371 3667 403 3713; x_wconf 86' lang='lat' dir='ltr'>al</span> <span class='ocrx_word' id='word_1_296' title='bbox 414 3662 460 3715; x_wconf 88' lang='lat' dir='ltr'>Kr.</span> <span class='ocrx_word' id='word_1_297' title='bbox 480 3662 653 3716; x_wconf 83' lang='lat' dir='ltr'>stabulario</span> <span class='ocrx_word' id='word_1_298' title='bbox 673 3664 724 3717; x_wconf 85' lang='lat' dir='ltr'>Kr.</span> <span class='ocrx_word' id='word_1_299' title='bbox 743 3679 804 3718; x_wconf 78' lang='lat' dir='ltr'>ema</span> <span class='ocrx_word' id='word_1_300' title='bbox 824 3664 938 3719; x_wconf 82' lang='lat' dir='ltr'>Cascab.</span> <span class='ocrx_word' id='word_1_301' title='bbox 996 3670 1027 3718; x_wconf 83' lang='lat'>21</span> <span class='ocrx_word' id='word_1_302' title='bbox 1049 3664 1244 3719; x_wconf 87' lang='lat' dir='ltr'>describsimus</span> <span class='ocrx_word' id='word_1_303' title='bbox 1263 3665 1284 3717; x_wconf 77' lang='lat' dir='ltr'><strong>F</strong></span> 
     </span>
     <span class='ocr_line' id='line_1_38' title="bbox 264 3731 1289 3806; baseline 0.007 -27"><span class='ocrx_word' id='word_1_304' title='bbox 264 3736 304 3780; x_wconf 66' lang='lat' dir='ltr'>aa</span> <span class='ocrx_word' id='word_1_305' title='bbox 319 3731 485 3786; x_wconf 69' lang='lat' dir='ltr'>destrictius</span> <span class='ocrx_word' id='word_1_306' title='bbox 502 3734 529 3786; x_wconf 81' lang='lat' dir='ltr'><em>F</em></span> <span class='ocrx_word' id='word_1_307' title='bbox 542 3752 591 3789; x_wconf 88' lang='lat' dir='ltr'>me</span> <span class='ocrx_word' id='word_1_308' title='bbox 610 3734 769 3791; x_wconf 86' lang='lat' dir='ltr'>districtius</span> <span class='ocrx_word' id='word_1_309' title='bbox 787 3751 906 3806; x_wconf 80' lang='lat' dir='ltr'>magum</span> <span class='ocrx_word' id='word_1_310' title='bbox 924 3757 944 3804; x_wconf 79' lang='grc' dir='ltr'>φ</span> <span class='ocrx_word' id='word_1_311' title='bbox 998 3741 1036 3788; x_wconf 67' lang='grc' dir='ltr'><strong>Ἃ</strong></span> <span class='ocrx_word' id='word_1_312' title='bbox 1049 3736 1247 3792; x_wconf 76' lang='lat' dir='ltr'>excusabunda</span> <span class='ocrx_word' id='word_1_313' title='bbox 1258 3752 1289 3786; x_wconf 79' lang='lat' dir='ltr'>aa</span> 
     </span>
    </p>
   </div>
   <div class='ocr_carea' id='block_1_9' title="bbox 0 0 1526 4300">
    <p class='ocr_par' dir='ltr' id='par_1_11' title="bbox 0 0 1526 4300">
     <span class='ocr_line' id='line_1_39' title="bbox 0 0 1526 4300; baseline 0 0"><span class='ocrx_word' id='word_1_314' title='bbox 0 0 1526 4300; x_wconf 95' lang='lat' dir='ltr'> </span> 
     </span>
    </p>
   </div>
  </div>
 </body>
</html>
