3042 4300
311 365 350 429 10
582 364 612 418 L.
630 363 765 418 APVLEI
782 362 1041 418 MADAVRENSIS

199 473 216 514 1.
232 473 369 516 1151111.
1263 471 1305 511 nc.
1321 471 1360 512 oa

307 534 448 608 quicum
472 530 628 592 aduersum
649 551 697 592 ma
719 551 799 592 meas
821 533 937 591 litteras
965 534 1126 608 promeret,
1153 552 1212 591 non
1239 533 1317 591 uidit

306 622 440 697 profecto
463 619 626 698 cupiditate
648 621 800 697 laedendi,
830 622 857 680 si
880 620 965 697 quid·
981 621 1055 679 mihi
1084 640 1120 680 ex
1149 622 1210 681 illis
1232 622 1317 681 fieret

307 712 509 786 criminosum,
536 711 568 768 id
594 711 668 769 mihi
691 730 790 770 secum
817 728 879 769 esse
908 728 1068 769 commune.
1113 729 1184 768 nam
1206 712 1316 786 petisse

307 819 374 858 eum
397 820 415 858 a
437 819 484 859 me
508 800 622 874 aliquid
644 801 738 860 tersui
761 799 908 874 dentibus,
930 817 1033 858 uorsus
1055 801 1217 858 testantur:

488 888 694 964 Calpurniano,
717 889 799 948 salue
821 889 956 965 properis
979 887 1120 948 uersibus.
1344 908 1356 948 5

487 978 564 1052 misi,
587 979 622 1035 ut
643 978 755 1054 petisti,
777 977 962 1037 mundiciaas
986 977 1127 1052 dentium,

487 1067 594 1125 nitelas
618 1066 677 1125 oris
700 1085 735 1125 ex
756 1065 893 1126 Arabicis
916 1067 1060 1142 frugibus
1317 1060 1360 1160 pli*

486 1157 615 1230 tenuem,
629 1155 813 1230 candificum,
827 1155 956 1215 nobilem
969 1155 1178 1231 puluisculum,

487 1244 738 1320 complanatorem
759 1245 924 1303 tumidulae
939 1237 947 1323 Η
961 1244 1143 1320 gingiuulae,

487 1333 717 1392 conuerritorem
739 1332 893 1410 pridianae
915 1333 1068 1409 reliquiae,

488 1441 525 1480 ne
549 1441 606 1497 qua
629 1423 745 1489 uisatur
767 1424 845 1481 tetra
868 1422 949 1482 labes
972 1422 1112 1495 sordium,

487 1512 631 1570 restrictis
654 1513 731 1570 forte
754 1513 780 1570 si
802 1512 919 1570 labellis
941 1512 1050 1570 riseris.

306 1620 429 1677 quaeso,
457 1600 528 1675 quid
549 1599 659 1659 habent
680 1601 734 1659 isti
756 1619 859 1660 uersus
882 1620 914 1658 re
938 1603 990 1659 aut
1012 1600 1102 1660 uerbo
1124 1599 1315 1675 pudendum?

307 1689 379 1765 quid
402 1691 537 1763 omnino,
567 1689 646 1764 quod
674 1689 868 1765 philosophus
898 1708 985 1748 suum
1013 1689 1090 1747 nolit
1112 1687 1227 1747 uideri?
1257 1691 1316 1748 nisi

305 1780 382 1838 forte
409 1780 441 1836 in
471 1777 783 1854 comprehendendus
813 1797 894 1851 sum,
925 1778 1003 1852 quod
1028 1775 1227 1853 Galpmm'ano
1250 1779 1356 1852 pul-15

305 1868 453 1927 uisoulum
471 1887 506 1926 ex
519 1867 654 1926 Arabicis
670 1867 805 1943 frugibus
823 1867 965 1941 miserim,
984 1886 1071 1941 quem
1084 1867 1179 1925 multo
1193 1869 1316 1942 aequius

306 1959 370 2016 crat
381 1957 570 2032 spurcissimo
582 1957 644 2015 ritu
650 1955 838 2030 Hiberorum,
849 1959 884 2014 ut
890 1957 934 2014 ait
943 1954 1087 2030 Catullus
1098 1975 1152 2015 sua
1163 1955 1221 2015 sibi
1228 1958 1316 2015 urina
1329 1970 1360 2023 (ce

448 2045 565 2105 dentem
588 2048 678 2121 atque
700 2064 817 2104 russam
837 2045 988 2121 pumicare
1012 2045 1173 2122 gingiuam.

378 2203 483 2253 17-18
501 2197 603 2253 Catull.
622 2196 777 2251 XXXVIIII
797 2202 909 2251 17-21.

379 2347 392 2393 1
412 2356 489 2394 meas
503 2341 601 2409 scripsi
615 2355 662 2393 eas
676 2340 725 2409 Fui
745 2342 750 2407 Ι
770 2338 941 2410 litterari*
963 2341 966 2407 1
986 2337 1087 2392 nuidit
1101 2338 1149 2406 Fo
1217 2345 1235 2392 4
1249 2338 1315 2392 den-

306 2410 362 2479 tib,
381 2412 431 2480 Fip
451 2411 579 2465 dentium
597 2411 649 2465 Kr.
723 2416 803 2479 baqq.
822 2411 854 2464 iii
872 2410 893 2462 F
912 2411 953 2464 ita
971 2411 1112 2481 loquatur:

579 2502 606 2549 ι11
962 2479 1149 2549 Calpurniano

466 2552 544 2606 salue
561 2570 585 2627 d’
603 2551 678 2621 peris
697 2551 814 2622 uersibc.
850 2550 913 2604 Nisi
931 2550 1004 2605 forte
1022 2551 1051 2603 in
1071 2567 1103 2605 eo
1121 2551 1226 2621 rephan

467 2624 574 2677 dendus
592 2624 639 2676 su¹
657 2623 733 2690 quod
752 2620 940 2691 Calpurniano
958 2621 1132 2691 puluisculu³
1151 2639 1185 2676 ex

466 2694 587 2748 arabicis
605 2694 714 2763 frugib3
732 2693 843 2752 miseri}
862 2692 930 2761 que³
948 2693 1146 2766 multosfsequs
1166 2696 1227 2747 erat

466 2765 644 2834 spurcissimo
663 2765 720 2818 ritu
737 2765 863 2828 hiberoli
880 2767 913 2817 ut
931 2764 974 2818 ait
991 2780 1025 2818 oa
1079 2781 1112 2817 us
1132 2782 1182 2818 sua

466 2836 521 2889 sibi
539 2837 621 2890 urina
640 2835 737 2890 dente³
756 2838 818 2904 atq3
837 2834 930 2889 russa³
947 2836 1091 2905 pumicare
1109 2834 1239 2905 gingiua³

465 2907 531 2962 Misi
549 2911 581 2961 ut
598 2907 697 2978 petisti
713 2906 868 2961 munditias
888 2906 999 2965 dentiu³
1034 2906 1145 2960 Nitelas

466 2978 521 3032 oris
541 2994 575 3032 ex
593 2978 714 3033 arabicis
733 2978 841 3048 frugib;
874 2976 981 3032 Tenue³
1001 2978 1175 3031 candificum.

465 3049 575 3104 nobile³
593 3049 767 3119 puluisculu³
787 3047 998 3119 Co³planatore³
1017 3047 1136 3102 tumidul

465 3120 612 3192 gingiuule
631 3119 837 3175 Conuerritore³
855 3120 985 3192 pridiane
1002 3118 1096 3192 relius.
1156 3134 1171 3172 e
1191 3134 1246 3186 qua

465 3192 575 3245 uisatur
592 3195 667 3246 tetra
685 3192 764 3246 labes
784 3190 891 3245 sordiu³
926 3190 1074 3244 Restrictis
1093 3188 1166 3243 forte
1184 3190 1209 3244 si

465 3262 578 3318 labellis
596 3263 699 3317 riseris.

307 3336 417 3405 siquem
437 3338 458 3386 Κ
477 3336 509 3387 irs
527 3335 548 3387 F
567 3336 599 3389 ia
616 3351 667 3405 my.
686 3340 733 3403 est,
750 3336 783 3388 iri
802 3354 823 3402 φ
842 3334 874 3388 ia
892 3337 967 3387 iectu
985 3337 1073 3387 1111111
1087 3339 1150 3401 post
1168 3331 1316 3402 gingiuam

637 3408 646 3445 l
708 3418 721 3446 o

307 3460 415 3529 1191111111
428 3460 499 3513 idem
566 3430 817 3570 occil'puririanerp
886 3455 1088 3511 bmundicinas
1102 3457 1218 3524 Lipsius
1236 3472 1315 3508 mun-

308 3583 396 3636 dicias
416 3603 437 3650 φ
509 3583 667 3637 stumidue
686 3604 707 3651 φ
727 3581 748 3654 (l
766 3582 860 3650 scrips.
880 3599 914 3636 m.
933 3584 953 3651 1)
1027 3586 1059 3634 11
1078 3579 1159 3635 tabes
1175 3580 1315 3634 Baehrens

303 3678 340 3723 14
356 3672 477 3735 nollitF
494 3660 613 3740 nollitgo
671 3677 704 3725 16
722 3670 846 3725 miserim
861 3691 882 3739 φ
896 3687 964 3724 corr.
979 3686 1013 3723 ecc
1030 3668 1162 3723 miseram
1217 3675 1250 3722 17
1264 3686 1315 3737 pu-

283 3739 413 3806 micare]
428 3740 570 3795 defricare
589 3743 660 3798 libri
677 3742 792 3798 Catulli.
