3042 4300
646 387 829 442 APOLOGIA
1200 387 1241 451 41

187 496 287 537 oudone
1180 497 1197 536 r.
1211 500 1271 538 1118.
1284 497 1297 537 f
1315 499 1331 539 e:

233 557 292 615 tibi
319 557 409 614 etiam
431 556 580 614 Theocriti
602 557 687 632 paria
710 558 740 615 et
769 556 828 614 alia
850 556 973 615 Homeri
996 559 1025 615 et
1048 555 1158 633 Orphei
1180 559 1245 633 plu·

233 645 320 720 rima,
347 647 377 703 et
401 664 434 703 ex
457 645 614 704 comoediis
638 648 668 704 et
689 645 852 722 tragoediis
871 643 989 704 Graecis
1013 647 1043 703 et
1062 665 1096 704 ex
1114 646 1246 705 historiis

234 735 331 792 multa
355 734 541 810 repetissem,
564 735 596 791 ni
617 736 647 792 te
671 733 782 791 dudum
806 733 1081 793 animaduertissem
1104 734 1247 794 Graecam

234 821 424 881 Pudentillae
440 823 598 898 epistulam
615 823 712 900 legere
731 823 908 898 nequiuisse.
939 823 1033 900 igitur
1050 843 1141 880 unum
1156 825 1246 882 etiam

206 914 354 986 epoetam
377 910 518 969 Latinum
541 911 704 988 attingam3
732 930 834 970 uersus
858 913 937 988 ipsos
961 905 1063 990 [quos]
1088 915 1246 988 agnoscent

235 1002 287 1075 qui
309 999 445 1058 Laelium
467 1001 577 1077 legere:

187 1140 219 1190 u)
491 1123 604 1199 philtra
627 1125 726 1183 omnia
749 1125 880 1199 undique
903 1125 1025 1183 eruunt:

493 1212 661 1288 antipathes
683 1212 759 1270 illud
783 1214 944 1287 quaeritur,

187 1317 219 1367 aa)
492 1302 661 1376 trochiscili,
683 1295 806 1378 ungues,
829 1303 954 1376 taeniae,

194 1410 219 1449 ro
491 1390 650 1464 radiculae,
672 1390 788 1465 herbae,
813 1392 931 1465 surculi,

187 1495 220 1543 sa)
493 1497 607 1553 saurae,
629 1479 732 1537 inlices
754 1479 918 1555 bicodulae,

187 1585 219 1635 se)
378 1603 381 1609 ›
492 1567 687 1626 hinnientium
711 1567 886 1628 dulcedines,

300 1691 383 1749 Haec
406 1694 435 1749 et
458 1692 519 1750 alia
542 1692 690 1766 quaesisse
717 1711 765 1749 me
793 1693 895 1767 potius
924 1712 1014 1767 quam
1039 1695 1134 1769 pisces
1157 1695 1331 1772 longeXXX

224 1780 425 1839 ¹uerisimilius
448 1780 636 1839 confinxisses
655 1813 697 1820 —
716 1780 762 1838 his
787 1782 895 1839 etenim
917 1781 1118 1858 fortasse'per
1135 1785 1247 1842 famam

193 1890 220 1930 15
234 1869 442 1946 peruulgatam
460 1869 531 1928 fides
550 1870 656 1928 fuisset
669 1901 721 1943 —,
745 1869 771 1926 si
788 1870 845 1928 tibi
867 1870 929 1927 ulla
949 1871 1074 1930 eruditio
1094 1872 1245 1932 adfuisset.

227 1958 386 2016 enimuero
408 1959 497 2033 piscis
522 1957 559 2016 ad
583 1978 672 2032 quam
693 1976 756 2015 rem
779 1958 852 2016 facit
875 1961 978 2034 captus
1001 1961 1059 2017 nisi
1082 1960 1121 2018 ad
1144 1962 1245 2036 epulas

237 2045 357 2105 coctus?
381 2049 510 2105 ceterum
533 2047 570 2104 ad
593 2047 724 2123 magiam
746 2045 822 2104 nihil
846 2047 1004 2121 quicquam
1031 2048 1150 2106 uidetur
1172 2050 1246 2107 mihi

187 2129 380 2236 &adiutare
412 2136 509 2195 dicam
531 2135 609 2194 unde
632 2135 663 2193 id
686 2135 855 2195 coniectem.
891 2134 1094 2213 Pythagoram
1110 2137 1245 2213 plerique

237 2225 386 2283 Zoroastri
409 2227 583 2284 sectatorem
602 2224 797 2299 similiterque
817 2224 934 2301 magiae
952 2225 1081 2300 peritum
1100 2227 1246 2302 arbitrati,

196 2336 223 2374 ao
236 2317 338 2371 tamen
356 2315 514 2373 memoriae
531 2312 733 2389 prodiderunt,
753 2331 820 2371 cum
839 2313 1096 2373 animaduertisset
1113 2316 1246 2391 proxime

308 2505 342 2553 20
361 2500 395 2554 cf.
421 2499 483 2554 Val.
503 2499 576 2553 Max.
595 2498 634 2552 IV
654 2506 677 2553 1.
694 2504 723 2567 ⁷3
748 2498 810 2553 Ext.
835 2501 872 2569 (p.
893 2505 944 2553 193
958 2500 1005 2554 ed.
1025 2500 1146 2572 Kempt),
1172 2502 1245 2557 Plut.

361 2571 454 2640 Symp.
475 2576 499 2625 8.
510 2576 535 2638 8,
553 2569 613 2625 Ael.
636 2569 666 2623 V.
686 2570 720 2625 H.
741 2577 782 2624 13.
794 2576 836 2625 31.

308 2708 477 2801 teoniidiis
496 2749 517 2801 F
534 2749 537 2818 Ι
554 2746 731 2817 tragediistp
800 2752 967 2817 leptamp
1034 2755 1134 2816 equos
1153 2752 1244 2805 emtus.

224 2818 351 2873 ‘Salmas
362 2818 589 2941 ipsos<dicamp‚
600 2835 669 2886 quos
680 2819 775 2874 Rotde
784 2820 827 2874 cll.
837 2837 864 2887 p.
872 2825 913 2873 50.
921 2824 954 2872 14
964 2825 1017 2873 484
1027 2819 1057 2873 Ο.
1067 2838 1094 2888 p.
1105 2826 1189 2876 48.14
1198 2822 1245 2876 Ka

237 2894 253 2941 6
271 2890 407 2944 Laeuium
425 2891 509 2960 culpo
534 2889 559 2944 la
571 2891 600 2944 iu
620 2891 669 2959 Pp
777 2895 793 2942 8
811 2891 883 2945 redit
906 2892 944 2945 cd
969 2892 1090 2945 ordinem
1116 2893 1247 2947 librorum

236 2959 343 3028 philtra
362 2960 456 3015 omnia
473 2960 597 3028 undique
620 2962 722 3014 eruunt
747 2961 908 3029 antiphates
935 2960 1007 3014 illud
1035 2962 1180 3029 quaeritur
1197 2964 1247 3032 Fu

229 3032 398 3099 antipathes
422 3031 494 3090 illud
518 3032 645 3098 quaerito
669 3030 778 3084 Philtra
801 3032 895 3086 omnia
917 3032 1042 3100 undique
1064 3032 1175 3086 irruunt
1194 3035 1246 3089 Kr.

236 3119 297 3157 cum
306 3103 389 3157 Sutm.
401 3102 562 3171 antipathes
573 3103 656 3157 sazm.
671 3103 713 3156 ec.
724 3103 799 3156 Pla.
810 3103 849 3156 H.
860 3104 898 3158 N.
910 3108 951 3158 37.
968 3109 1018 3157 145
1030 3104 1032 3176 t
1042 3102 1153 3157 irruunt
1162 3104 1245 3159 Sutm.

238 3174 359 3227 adruont
376 3174 477 3228 Baehr.
551 3179 566 3227 9
585 3172 739 3228 trochiscili
758 3173 807 3241 Pp
826 3174 947 3243 trochus,
966 3174 1019 3243 pili
1029 3176 1080 3228 Kc.
1093 3192 1153 3229 cum
1163 3175 1245 3231 Satan.

236 3243 391 3298 trochilisoi
411 3245 526 3299 Caecub.
545 3244 650 3311 trochi,
669 3243 768 3312 scyphi
786 3244 887 3354 factu.
918 3248 922 3313 Ι
950 3261 1058 3315 ungues
1078 3266 1099 3313 φ
1117 3248 1247 3315 ungesP

240 3373 343 3421 10-11
373 3367 490 3421 surculis
510 3383 576 3439 aurp
594 3368 644 3437 Pp
719 3374 750 3421 11
779 3339 899 3437 ilicesp
973 3374 1005 3421 12
1028 3368 1247 3423 hinnientumF

240 3444 273 3491 13
293 3437 350 3491 alia
369 3439 417 3507 Pp
499 3438 606 3574 1⁸47hiis
626 3439 662 3507 φ1
743 3443 776 3491 15
796 3437 963 3523 affuissetp
1036 3444 1069 3491 17
1084 3439 1246 3511 quicquam]

237 3577 399 3630 quanquam
417 3562 439 3615 F
458 3532 534 3629 quaq
570 3566 616 3631 φΙ
641 3562 795 3630 uideturp
821 3565 825 3631 Ι
849 3524 918 3631 inp
997 3567 1029 3615 19
1050 3562 1247 3635 'Zproastril'

236 3687 334 3810 cssttb.
347 3692 387 3826 1)5.
410 3691 451 3752 19,
471 3690 539 3737 361
560 3644 705 3738 Zoroastri
719 3705 740 3753 φ
759 3687 783 3755 (s
798 3683 862 3738 add.
876 3702 910 3738 m.
930 3685 1045 3750 sonasse
1059 3691 1083 3754 2,
1102 3689 1149 3742 sed
1166 3688 1248 3741 ualde

236 3774 255 3809 a
286 3774 352 3825 equa
828 3805 829 3808 ,
