3042 4300
652 378 836 435 APOLOGIA
1187 379 1251 445 105

222 489 293 531 dend.
1177 490 1219 531 tl
1247 500 1267 535 a.
1339 522 1340 532 ,

187 488 222 533 ou
238 569 270 611 es
301 552 387 609 tuam
417 549 511 627 ipsius
543 549 703 628 epistulam
734 549 891 627 legendam
922 548 1008 625 dare,
1044 568 1134 625 quam
1164 491 1253 610 nimiis
1282 492 1337 536 m

237 641 451 715 irreuerentar,
481 639 570 699 nimis
601 639 810 699 contumeliose
840 641 871 698 et
898 638 1027 714 turpiter
1058 639 1062 720 l
1094 639 1130 698 de
1158 643 1254 700 matre

239 732 295 791 tua
321 729 477 805 scriptam,
507 746 573 787 oum
603 728 699 787 adhuc
727 727 759 787 in
790 728 852 787 eius
882 723 950 786 sinu
979 727 1103 805 alerere,
1131 729 1254 790 miseras

240 818 376 879 clanomo
399 817 437 876 ad
459 817 649 891 Pontianum,
672 817 839 876 scilicetne
862 816 952 876 semel
969 835 1120 892 peccasses
1140 835 1175 876 ao
1191 822 1255 878 tam

189 909 353 968 umbonum
375 910 461 966 tuum
483 906 597 965 factum
619 905 729 966 obliuio
752 908 925 983 capesseret.
966 906 1065 982 miser,
1087 924 1146 965 non
1168 908 1255 967 intel·

211 997 327 1075 elegis,
348 995 455 1056 iccirco
477 999 618 1073 patruum
640 997 726 1054 tuum
748 995 805 1054 hoo
826 994 890 1054 fieri
911 1013 1042 1071 passum,
1070 1014 1128 1071 quo
1151 1014 1182 1056 se
1204 996 1255 1057 ho-

241 1086 373 1146 minibus
396 1087 554 1163 purgaret,
582 1085 607 1144 si
631 1103 665 1143 ex
687 1083 797 1144 litteris
819 1084 880 1143 tuis
904 1087 1085 1160 nosceretur,
1111 1088 1142 1144 te
1165 1087 1256 1146 etiam

241 1175 326 1252 prius
350 1193 441 1251 quam
463 1174 501 1232 ad
524 1194 592 1234 eum
614 1173 848 1251 commigrasses,
871 1174 962 1232 etiam
980 1191 1047 1232 cum
1064 1174 1155 1233 matri
1173 1175 1256 1234 blan·

242 1265 355 1340 dmere,
392 1266 494 1322 umen
529 1264 591 1322 iam
626 1265 691 1321 tum
727 1263 898 1338 uolpionem
934 1265 963 1322 et
994 1262 1120 1339 impium
1156 1264 1255 1324 fuisse.

199 1375 228 1416 io
243 1357 374 1414 aterum
396 1370 508 1428 nequeo
530 1352 563 1411 in
595 1353 727 1410 animum
758 1351 910 1426 inducere,
941 1355 1005 1411 tam
1028 1353 1153 1413 stultum
1196 1353 1340 1415 LXXXV]

242 1442 445 1503 Aemilianum
477 1459 555 1516 esse,
586 1443 621 1500 ut
652 1440 829 1517 arbitretur,
860 1440 934 1499 mihi
965 1441 1082 1502 litteras
1113 1444 1198 1519 pueri
1229 1447 1259 1502 et

245 1532 377 1592 eiusdem
399 1531 579 1590 accusatoris
602 1530 660 1589 mei
683 1530 835 1590 offuturas.

310 1619 382 1679 Fuit
412 1622 442 1679 et
470 1619 525 1678 illa
554 1619 760 1682 commenticia
790 1620 919 1696 epistula
948 1639 1043 1696 neque
1073 1639 1139 1680 mea
1167 1640 1259 1680 manu

244 1710 357 1786 scripta
378 1728 474 1784 neque
503 1709 707 1768 uerisimiliter
736 1709 874 1784 conficta,
905 1727 964 1784 qua
993 1709 1089 1768 uideri
1118 1710 1259 1770 uolebant

203 1820 231 1862 1s
244 1798 399 1859 blanditiis
423 1817 441 1856 a
463 1817 510 1856 me
533 1798 686 1857 mulierem
705 1799 905 1857 sollicitatam.
942 1816 994 1856 cur
1012 1817 1066 1876 ego
1085 1799 1259 1875 blandirem,

246 1889 272 1949 si
295 1889 397 1965 magia
427 1885 628 1946 confidebam?
657 1906 717 1963 qus
747 1889 848 1945 autem
877 1886 928 1944 uia
957 1886 996 1944 ad
1022 1889 1096 1947 istos
1123 1889 1260 1965 peruenit

247 1977 387 2055 epistula,
405 1977 444 2035 ad
457 1975 659 2035 Pudentillam
678 1975 792 2035 scilicet
809 1995 862 2051 per
876 1975 1006 2050 aliquem
1024 1975 1141 2035 fidelem
1159 1979 1260 2052 missa,

187 2083 233 2134 sse)
247 2070 282 2126 ut
303 2065 337 2125 iu
358 2085 391 2125 re
412 2065 470 2125 tali
493 2065 627 2124 accurari
649 2061 744 2124 solet?
790 2082 842 2122 cur
871 2066 1025 2139 praeterea
1050 2068 1114 2124 tam
1141 2065 1259 2125 uitiosis

245 2156 361 2231 uerbis,
389 2158 454 2215 tam
480 2154 607 2214 barbaro
635 2173 768 2213 sermone
791 2172 845 2231 ego
868 2153 1041 2229 scriberem,
1072 2174 1159 2229 quem
1181 2156 1261 2214 idem

205 2247 350 2308 sedicunt
367 2263 555 2320 nequaquam
578 2242 707 2302 Graecae
729 2243 850 2321 linguae
872 2240 1063 2318 imperitum?
1086 2263 1138 2302 our
1161 2247 1260 2303 autem

244 2339 310 2395 tam
341 2333 477 2393 absurdis
508 2337 630 2408 tamque
660 2331 839 2392 tabernariis
871 2331 1025 2392 blanditiis
1057 2332 1260 2411 subigitarem,

246 2443 335 2500 quem
357 2423 436 2482 idem
459 2423 544 2481 aiunt
565 2421 701 2481 uersibus
724 2420 878 2480 amatoriis
906 2422 979 2482 satis
1003 2423 1076 2482 scite
1102 2421 1259 2482 lasciuire?

247 2515 291 2573 sic
318 2515 364 2572 est
390 2512 532 2587 profecto,
558 2506 568 2591 ΙΙ
595 2510 689 2570 cuiuis
720 2511 823 2587 palam
855 2513 912 2570 est:
944 2511 993 2570 hic
1021 2513 1073 2588 qui
1099 2512 1259 2588 epistulam
1273 2529 1289 2567 r.
1303 2529 1340 2569 ms

247 2602 436 2661 Pudentillae
466 2598 688 2660 Graecatiorem
715 2600 814 2678 legere
845 2618 904 2659 non
933 2603 1087 2677 potuerat,
1121 2601 1197 2661 hanc
1227 2604 1261 2661 ut

208 2712 234 2754 ss
248 2710 334 2752 suam
356 2690 473 2749 facilius
495 2690 571 2767 legit
593 2692 624 2749 et
642 2688 741 2766 aptius
764 2689 991 2750 commendauit.

318 2779 374 2839 Sed
393 2779 455 2837 iam
472 2779 509 2837 de
527 2774 664 2855 epistilia
682 2778 756 2838 satis
775 2778 888 2837 dictum
906 2778 1029 2855 habebo,
1052 2780 1078 2839 si
1096 2780 1151 2839 hoo
1169 2799 1261 2837 unum

247 2869 402 2929 addidero:
420 2867 632 2943 Pudentillam,
650 2886 726 2943 quae
739 2867 897 2927 scribserat
911 2868 1159 2928 dissimulamenti
1172 2886 1262 2927 eausa

322 3094 453 3162 leplam
470 3090 523 3160 Pp
595 3088 815 3145 aimeuerenter
831 3088 895 3158 Ἐφ’
972 3052 1085 3144 saii'F
1157 3089 1264 3144 sabli-

248 3163 297 3218 uio
317 3162 434 3218 Oosaub.
453 3168 479 3217 et
496 3162 613 3232 Lipsius
630 3164 729 3231 optuto
748 3161 798 3230 Pp
819 3164 823 3230 Ι
846 3165 1006 3231 capesceret
1023 3162 1086 3231 Ἐφ’
1105 3165 1264 3231 capesseret

250 3238 286 3304 φ’*
314 3235 320 3318 Ι
344 3232 489 3303 intellegis
506 3233 557 3303 Ρφ
643 3232 763 3287 6icciro
782 3232 804 3285 F
822 3231 969 3302 idcircop
999 3236 1003 3303 Ι
1033 3234 1100 3305 quo]
1120 3232 1195 3302 quod
1213 3233 1262 3303 Pp

251 3304 338 3359 lfurf
351 3304 374 3359 F
389 3304 447 3358 suis
462 3325 483 3374 φ
546 3310 561 3357 9
575 3303 737 3373 uolpionem
746 3304 796 3372 Pp
859 3309 892 3357 10
901 3320 993 3373 neque
1006 3305 1056 3374 Pp
1072 3305 1183 3376 (raama
1195 3322 1264 3374 qaae

248 3378 372 3447 aporos
388 3376 456 3431 aar
475 3376 513 3430 ud
526 3376 685 3445 proximam
702 3375 867 3486 uocabalpm
878 3377 1006 3446 pertinet)
1066 3382 1098 3430 11
1117 3374 1263 3430 litterasl?

251 3508 285 3555 12
303 3500 425 3572 maffia
450 3499 536 3553 mel¹
565 3501 570 3568 Ι
599 3496 776 3553 offuturasF
802 3470 979 3570 dfliuturasp
1070 3506 1104 3556 18
1130 3504 1197 3570 epla
1214 3500 1264 3570 Pap

250 3574 323 3629 idern
342 3576 482 3640 17,23,26
555 3574 589 3623 15
606 3568 828 3640 blandireme
847 3570 991 3625 blandirer
1005 3572 1057 3628 Kr.
1131 3577 1164 3626 18
1184 3587 1264 3626 accu-

250 3698 308 3752 rari
326 3697 405 3752 Helai.
425 3693 552 3751 accusari
569 3694 619 3767 se
703 3699 737 3751 ia
758 3701 784 3753 et
800 3700 838 3751 ‘aa
854 3694 1007 3765 luemus
1083 3700 1123 3748 ‘aa
1141 3655 1299 3743 aoiloaxiz'ia

242 3769 270 3819 P
285 3772 363 3838 (cerr.
383 3785 416 3822 m.
437 3770 484 3823 uel
501 3767 521 3825 l.
540 3769 589 3827 uel
607 3770 723 3843 quiden
743 3770 879 3843 uotique}
899 3766 1108 3837 scripseratis>
