3042 4300
654 410 839 467 APOLOGIA
1188 414 1249 476 111

187 518 295 561 outoni.
1180 522 1196 563 f.
1211 524 1270 563 raa.
1284 524 1300 565 r.
1314 527 1340 566 aa

309 579 386 640 Vide
418 599 544 657 quaeso,
579 581 724 656 Maxime,
760 599 848 656 quem
878 581 1041 640 tumultum
1074 583 1255 658 suscitarint,
1268 587 1335 648 XGI

242 670 385 746 quoniam
408 688 463 748 ego
485 688 596 746 paucos
614 688 770 747 magorum
788 671 965 730 nominatim
983 672 1147 746 percensui.
1184 673 1256 747 quid

239 757 351 819 faciam
372 763 436 818 tam
458 758 595 834 rudibus,
617 763 681 819 tam
703 757 859 818 barbaris?
900 758 1021 818 doceam
1043 778 1161 819 rursum
1182 763 1256 821 haec

241 851 273 908 et
291 849 388 909 multo
411 848 499 925 plura
522 848 583 907 alia
601 848 722 907 nomina
738 849 771 906 in
789 847 985 924 bybliothecis
1003 843 1013 927 ΙΙ
1030 848 1157 924 publicis
1177 851 1256 926 apud

212 937 421 998 sclarissimos
444 937 602 1014 scriptores
625 957 673 996 me
695 937 813 1015 legisse,
835 955 874 996 an
897 938 1046 1013 disputem
1068 938 1155 1015 longe
1174 937 1255 998 aliud

241 1043 305 1086 esse
328 1026 468 1085 notitiam
490 1027 652 1101 nominum,
675 1026 757 1085 aliud
781 1028 854 1086 aitis
873 1026 1003 1086 eiusdem
1022 1027 1257 1086 communionem

189 1131 226 1184 aa)
242 1135 296 1175 nec
318 1115 425 1175 debere
452 1115 604 1175 doctrinae
632 1115 864 1174 instrumentum
892 1119 922 1175 et
949 1116 1123 1175 eruditionis
1146 1135 1255 1176 memo·

239 1205 317 1263 riam
348 1223 403 1281 pro
435 1204 618 1264 confessione
650 1204 782 1264 criminis
812 1204 929 1280 haberi,
966 1224 1018 1280 an,
1050 1205 1129 1280 quod
1160 1207 1255 1266 multo

239 1292 453 1370 praestabilius
481 1296 542 1368 cst,
571 1296 625 1353 tua
654 1293 806 1369 doctrina,
836 1292 944 1353 Claudi
970 1294 1115 1371 Maxime,
1144 1297 1256 1370 tuaque

199 1405 227 1445 10
239 1383 374 1459 perfecta
403 1383 569 1442 eruditione
597 1384 691 1442 fretus
714 1385 902 1442 contemnam
929 1384 1030 1442 stultis
1059 1386 1089 1441 et
1110 1385 1255 1460 impolitis

241 1472 280 1531 ad
302 1472 377 1531 haec
398 1469 596 1548 respondere?
631 1472 678 1532 ita
706 1473 807 1548 potius
834 1473 957 1531 faciam:
987 1472 1058 1548 quid
1085 1473 1132 1531 illi
1156 1473 1255 1533 existi·

240 1564 332 1637 ment,
354 1561 443 1619 uacci
466 1579 525 1620 non
547 1561 668 1637 putabo.
707 1560 787 1637 quod
808 1561 927 1620 institui
948 1581 1073 1640 pergam
1090 1561 1256 1638 disputare:

240 1651 356 1709 nullam
369 1650 444 1708 mihi
458 1668 580 1710 causam
592 1650 685 1709 fuisse
699 1649 902 1709 Pudentillam
916 1651 1064 1712 ueneficiis
1083 1651 1122 1710 ad
1135 1653 1255 1728 nuptias

240 1738 435 1816 prolectandi.

199 1849 227 1891 15
308 1827 448 1888 Formam
469 1828 604 1888 mulieris
628 1830 658 1888 et
680 1831 810 1887 aetatem
833 1828 892 1904 ipsi
914 1829 994 1886 ultro
1012 1830 1256 1905 improbauerunt

239 1917 331 1993 idque
353 1917 428 1975 mihi
450 1917 526 1976 uitio
550 1917 707 1991 dederunt,
734 1918 826 1975 talem
853 1935 975 1976 uxorem
998 1935 1087 1976 causa
1112 1921 1256 1977 auaritiae

187 2007 430 2082 inconcupisse,
460 2010 551 2081 atque
578 2006 652 2065 adeo
678 2005 775 2081 primo
804 2005 903 2064 dotem
930 2007 963 2063 in
987 2024 1145 2083 congressu
1168 2026 1255 2084 gran-

240 2095 308 2156 dem
326 2098 357 2156 et
374 2095 494 2156 uberem
511 2095 654 2172 rapuisse.
691 2094 828 2169 adhaec,
849 2094 987 2171 Maxime,
1009 2095 1100 2173 longa
1123 2098 1256 2156 oratione

239 2186 371 2264 fatigare
393 2189 424 2245 te
447 2205 507 2245 non
530 2188 576 2245 est
599 2184 767 2244 consilium:
789 2184 866 2242 nihil
888 2184 987 2243 uerbis
1010 2204 1084 2261 opus
1107 2189 1166 2260 est,
1189 2204 1256 2244 oum

199 2296 228 2338 ac
241 2276 339 2335 multo
362 2274 502 2335 disertius
523 2274 608 2350 ipsae
630 2273 751 2333 tabulae
774 2274 949 2349 loquantur,
971 2274 1003 2331 in
1026 2274 1132 2350 quibus
1156 2277 1256 2334 omnia

241 2368 347 2424 contra
376 2383 466 2440 quam
495 2363 549 2423 isti
578 2383 613 2422 ex
640 2381 694 2422 sua
720 2364 886 2439 rapacitate
914 2363 949 2421 de
976 2382 1023 2421 me
1046 2382 1164 2439 quoque
1187 2383 1254 2423 con·
1309 2425 1313 2430 ,

239 2454 437 2528 mutauerant,
458 2454 540 2511 faeta
562 2452 841 2529 impraesentiarum
863 2454 893 2510 et
914 2454 1035 2527 prouisa
1053 2453 1085 2510 in
1103 2457 1255 2529 posterum

240 2542 449 2620 deprehendis:
477 2543 539 2599 iam
567 2542 697 2617 primum
724 2542 858 2600 mulieris
886 2542 1135 2616 locupletissimae
1162 2543 1255 2603 modi-

349 2799 459 2853 Xerxen
476 2815 572 2871 regem
589 2800 737 2854 Persarum
758 2799 834 2854 bello
857 2799 933 2868 quod
955 2800 980 2853 is
1000 2799 1135 2855 Graeciae
1158 2801 1256 2856 intulit

350 2870 513 2939 comitatus,
547 2889 580 2926 ae
607 2871 687 2925 uelut
714 2871 822 2925 semina
850 2871 918 2925 artis
945 2873 1125 2939 portentosae
1152 2873 1257 2942 sparsit

349 2942 440 2996 obiter
457 2942 562 2997 infecto
581 2958 758 3011 quacumque
777 2945 1003 2997 commeauerant
1020 2943 1133 2999 mundo.

313 3140 465 3259 simibus
484 3212 505 3261 φ
578 3197 595 3245 4
613 3191 838 3261 bybliothecisF
857 3192 1036 3246 bibliothecis
1052 3212 1074 3261 φ
1147 3197 1163 3244 6
1183 3209 1256 3246 com·

240 3264 403 3318 munionem
425 3262 531 3317 habere
554 3264 606 3317 Kr.
626 3280 687 3318 cam
705 3264 828 3319 Bosscta
850 3270 875 3318 et
896 3264 1091 3319 uetustioribus
1111 3264 1186 3318 editt.
1209 3265 1256 3318 aed

239 3369 345 3424 habere
354 3371 386 3424 in
394 3369 444 3440 Fp
453 3387 511 3425 oca
524 3377 599 3426 catat
611 3388 696 3440 aeque
709 3372 832 3442 epaosot
840 3371 921 3425 Hild.
983 3375 998 3423 ‘l
1017 3369 1136 3442 inpsjrprj
1152 3354 1256 3442 [filjl'lbli

239 3439 316 3512 Fls,
334 3460 354 3494 n
375 3443 433 3508 fere
455 3459 535 3497 crasa
557 3448 607 3509 est,
635 3449 719 3497 totam
746 3444 910 3497 uocabulum
932 3444 964 3496 aba
981 3443 1047 3510 ras.)
1138 3447 1171 3495 10
1191 3459 1255 3496 con-

239 3514 385 3582 tempuam
404 3532 425 3582 φ
499 3518 532 3566 12
550 3513 646 3585 nauci]
666 3513 746 3567 nacci
766 3514 872 3585 Fp-(ia
885 3531 969 3585 capp
984 3531 1017 3567 m.
1034 3519 1049 3566 2
1064 3528 1127 3568 sea:
1144 3513 1255 3567 oNaeci

239 3672 273 3709 m.
289 3661 318 3709 3:
335 3617 356 3709 ἓ
367 3655 462 3723 nauci)
544 3660 581 3708 21‘
597 3656 827 3710 coniectauerunt
845 3657 876 3709 io
894 3656 915 3708 F
934 3657 1064 3725 reperturi
1079 3674 1119 3709 m*
1133 3673 1162 3708 p
1177 3673 1259 3717 ww

228 3728 363 3850 117Άῖἕηί
443 3732 477 3779 22
494 3726 767 3799 impraesentiarum
780 3728 835 3801 lp
854 3728 1012 3801 tffiffiw
1093 3730 1135 3774 Ἦ
1146 3720 1286 3777 «mem
