3042 4300
649 321 832 378 APOLOGIA
1201 326 1243 390 31

187 432 290 473 Dudend.
1182 433 1198 474 t
1212 435 1272 475 msa.
1286 437 1302 476 i.
1316 436 1339 477 dl

233 487 374 569 (omitto)
386 493 447 550 iam
465 495 562 550 cetera
576 494 639 550 tam
656 492 794 550 mirifica:
814 510 889 566 quae
906 492 933 550 si
950 494 986 551 tu
1005 493 1136 569 legisses,
1149 495 1245 570 magis

187 581 310 639 mmihi
331 600 433 656 peram
461 601 550 655 quam
575 581 697 656 nuptias
718 580 906 639 Pudentillae
933 580 1097 641 inuidisses
1143 602 1245 658 peram

187 687 221 737 ia)
235 673 267 728 et
280 670 419 727 baculum
436 671 471 728 tu
489 670 673 746 philosophis
687 664 908 747 <emeremus>i
945 671 1134 746 exprobrares
1152 673 1245 748 igitur

235 761 266 817 et
289 759 437 833 equitibus
460 759 597 835 phaleras
620 762 651 818 et
672 759 821 836 peditibus
844 759 953 833 clipeos
976 762 1007 818 et
1029 760 1177 835 signiferis
1195 781 1244 819 ue-

208 848 308 909 oxilla
332 850 362 906 et
385 847 510 921 denique
532 847 784 923 triumphantibus
807 847 966 924 quadrigas
991 848 1072 907 albas
1096 851 1126 906 et
1142 851 1245 925 togam

235 937 409 1012 palmatam.
446 954 505 995 non
524 940 593 994 sunt
616 937 735 1010 quidem
757 938 816 996 ista
838 936 1009 995 Platonicae
1033 939 1129 996 sectae
1148 940 1244 1013 gesta·

233 1026 332 1098 mina,
362 1025 413 1083 sed
437 1023 563 1100 Cynicae
592 1025 723 1082 familiae
753 1026 890 1102 insignia.
936 1045 1039 1084 uerum
1067 1029 1167 1085 tamen
1191 1027 1246 1085 boe

234 1114 364 1190 Diogeni
387 1117 417 1172 at
438 1113 610 1172 Antistheni
632 1133 703 1189 pera
726 1116 756 1172 et
778 1115 925 1188 hamulum,
946 1115 1025 1189 quod
1045 1116 1164 1192 regibus
1183 1116 1245 1173 dia·

235 1203 331 1277 dema,
350 1201 428 1276 quod
445 1202 673 1278 imperatoribus
690 1203 942 1279 paludamentum,
961 1204 1039 1278 quod
1055 1204 1245 1280 pontificibus

194 1312 222 1351 ro
235 1293 379 1368 galenum,
399 1291 476 1365 quod
495 1292 587 1350 lituus
607 1291 776 1368 auguribus.
813 1292 959 1368 Diogenes
980 1292 1098 1367 quidem
1117 1291 1244 1368 Cynicus

233 1399 304 1438 cum
326 1379 493 1438 Alexandro
516 1399 625 1457 magno
648 1380 684 1439 de
706 1381 833 1440 ueritate
860 1383 944 1458 regni
972 1382 1167 1440 certabundus
1192 1383 1244 1440 be·

235 1470 303 1526 culo
326 1470 391 1526 uice
421 1470 530 1544 sceptri
559 1469 751 1545 gloriabatur.
796 1471 860 1545 ipse
890 1470 1015 1546 denique
1037 1471 1178 1530 Hercules
1200 1472 1244 1529 in·

234 1559 333 1616 metus
362 1590 404 1597 -
436 1559 576 1632 quoniam
604 1558 676 1617 haec
707 1558 764 1617 tibi
796 1562 830 1617 ut
865 1559 1009 1633 quaedam
1040 1560 1244 1619 mendicabula

234 1648 325 1705 nimis
348 1646 468 1707 sordent
490 1679 551 1721 —‚
573 1648 637 1722 ipse
666 1649 789 1723 inquam
817 1648 959 1707 Hercules
989 1648 1132 1708 lustrator
1157 1650 1244 1722 orbiu,

187 1751 222 1800 aa)
235 1738 381 1811 purgator
402 1736 545 1810 ferarum,
572 1737 705 1812 gentium
733 1736 873 1811 domitor,
900 1738 926 1796 is
947 1740 1048 1796 tamen
1071 1738 1156 1812 deus,
1179 1757 1245 1796 aum

195 1845 222 1884 ra
234 1826 331 1883 terras
354 1827 534 1901 peragraret,
555 1825 646 1900 paulo
668 1826 751 1900 prius
776 1844 865 1899 quam
882 1826 913 1883 in
932 1826 1046 1884 caelum
1064 1827 1100 1885 ob
1119 1828 1245 1885 uirtutes

233 1914 347 1971 ascitus
366 1916 420 1987 est,
437 1931 532 1988 neque
551 1933 610 1971 una
628 1915 701 1990 pelli
719 1915 856 1973 uestitior
872 1914 932 1972 fuit
949 1933 1044 1989 neque
1063 1934 1122 1974 uno
1138 1915 1244 1973 baculo

234 2002 414 2060 comitatior.

303 2089 388 2159 Quod
411 2091 437 2149 si
459 2089 532 2150 haec
551 2091 683 2166 exempla
705 2091 793 2149 nihili
814 2094 903 2167 putas
922 2109 957 2150 ac
974 2110 1021 2150 me
1039 2111 1098 2151 non
1118 2092 1155 2150 ad
1173 2109 1240 2150 cau·
1250 2090 1339 2151 XXII

195 2200 223 2239 ao
236 2197 301 2238 sam
324 2180 481 2256 agundam,
508 2198 611 2237 uerum
635 2180 673 2238 ad
695 2198 814 2239 censum
837 2181 1041 2239 disserundum
1063 2183 1186 2256 uocasti‚
1207 2201 1244 2239 ne

236 2268 309 2343 quid
331 2271 366 2327 tu
387 2288 486 2327 rerum
508 2287 641 2327 mearum
664 2270 786 2345 nescias,
809 2269 835 2328 si
855 2272 956 2329 tamen
979 2272 1082 2345 nescis,
1102 2270 1245 2346 profiteor

234 2357 311 2414 mihi
334 2375 368 2415 ae
388 2358 476 2415 fratri
497 2376 563 2416 meo
584 2358 722 2417 relietum
745 2378 764 2416 a
785 2360 870 2434 patre
892 2358 953 2417 HS.
979 2360 1070 2418 uicies
1092 2361 1183 2435 paulo
1201 2379 1244 2419 se·

236 2464 298 2519 cus,
320 2445 408 2521 idque
432 2465 449 2503 a
471 2465 517 2504 mc
540 2447 630 2524 longa
658 2448 896 2524 peregrinatione
927 2451 956 2507 et
986 2448 1108 2508 diutinis
1139 2449 1244 2508 studiis

187 2549 223 2600 44)
237 2538 268 2593 et
291 2535 399 2593 crebris
422 2535 650 2619 liberalitatibus
668 2531 790 2614 <baud>
807 2536 920 2595 modice
938 2538 1135 2596 imminutum.
1175 2558 1245 2595 nam

309 2725 343 2774 10
360 2720 433 2775 Plut.
453 2721 531 2775 Ales
551 2729 593 2776 44.

310 2797 342 2845 16
361 2792 463 2845 Auson.
483 2809 540 2862 per.
555 2794 604 2848 od.
625 2799 658 2847 24
676 2811 704 2863 p.
719 2798 783 2847 405.
795 2799 829 2847 16
847 2794 976 2863 (Peiper).

236 2952 375 3006 wollt-er
392 2952 590 3023 MelcllelllOl
611 2956 681 3008 Νοπι
702 2972 787 3022 τγφω
805 2955 942 3009 Telmun
962 2954 1050 3007 Ja³F
1075 2955 1117 3007 ‘ira
1138 2954 1245 3007 ultiouis

237 3022 334 3077 litteris
379 3024 465 3077 raecis
492 3024 574 3078 latere
603 3024 717 3079 aeream
747 3025 840 3079 maleto
870 3026 1005 3080 malelleaeit
1030 3024 1161 3079 Jalmias’
1192 3024 1243 3078 Kr.

308 3100 324 3146 3
367 3093 539 3166 exprobras>
559 3096 622 3150 add.
642 3095 695 3149 Kr.
766 3095 941 3165 4falerasp
1014 3098 1073 3150 ote
1087 3094 1244 3162 deniqueF

236 3165 276 3232 (te
294 3166 326 3218 a'ra
343 3167 449 3233 rasio
535 3165 659 3219 loinice
677 3166 726 3235 Fu
812 3166 990 3221 8Antisteni
1007 3166 1056 3236 Fu
1090 3168 1094 3236 1
1127 3163 1244 3219 baculu³

236 3234 258 3287 F
332 3241 364 3288 10
384 3234 523 3305 Diogenes
542 3238 614 3305 a'arp
638 3238 711 3292 linea
728 3237 815 3291 rubra
836 3240 941 3293 subseri
960 3246 1017 3293 tum
1035 3243 1073 3292 ere
1095 3239 1157 3291 item
1174 3236 1243 3289 Her-

237 3304 313 3359 cules
335 3324 376 3360 us.
397 3312 429 3359 12
464 3309 468 3375 Ι
502 3306 613 3361 (liniens
632 3308 680 3376 Fer
777 3314 810 3361 14
827 3309 911 3362 nimis
953 3310 1043 3363 oluius
1068 3307 1168 3361 animis
1194 3308 1244 3376 Fe

237 3434 272 3482 1c
291 3429 383 3502 <ue>
401 3428 486 3499 paulo
506 3431 558 3486 nr.
578 3433 636 3486 eae
653 3434 808 3487 mesae
897 3438 930 3485 rr
946 3394 1032 3485 {anet
1049 3452 1070 3500 φ
1087 3436 1090 3502 ι
1106 3431 1176 3501 pelli
1193 3432 1243 3499 ue

698 3516 710 3544 0

237 3558 271 3605 20
286 3553 393 3623 agida³
408 3554 458 3623 Fu
474 3557 478 3624 1
494 3571 620 3624 psenaum
629 3556 665 3627 ἣ,
679 3528 821 3625 domamur
838 3560 842 3625 Ι
859 3555 1041 3609 diserundum
1054 3556 1076 3608 F
1091 3517 1244 3609 elidenda

237 3623 465 3692 indeferundum
483 3626 615 3681 Pricaeus
708 3633 742 3681 22
766 3626 793 3679 fi
819 3627 841 3679 F
867 3626 890 3678 ff
905 3626 983 3694 χχΓ
1010 3626 1120 3696 ssxxu
1145 3627 1200 3680 scc’
1222 3646 1243 3694 φ

238 3699 272 3748 24
291 3694 411 3768 (haud)
434 3698 550 3752 inseruit
577 3698 727 3753 Vulcanius
745 3698 844 3772 (non)
863 3698 1004 3753 Kroaeob.
