3042 4300
671 414 830 468 FLORIDA
1192 415 1252 478 171

200 523 300 565 ornans.
1176 523 1192 562 r.
1206 523 1267 563 rasa.
1283 523 1298 563 ι.
1313 524 1345 563 aa

244 586 292 644 nis
315 585 415 642 ualere
443 587 473 642 at
499 583 653 659 plaudere,
685 583 746 641 suis
778 601 848 640 uero
880 582 1076 640 familiaribus
1104 582 1202 641 dolere
1225 585 1255 640 et

244 674 401 750 plangere:
437 673 605 732 hesternum
642 672 704 730 illis
739 671 864 729 imbrem
900 671 1037 729 lacrimas
1075 671 1255 746 auspicasse:

246 761 428 821 comoediam
451 762 513 820 eius
536 762 619 836 prius
643 760 679 818 ad
702 760 854 818 funebrem
876 760 971 818 facem
994 779 1083 834 quam
1102 760 1139 817 ad
1157 761 1255 818 nubti-

190 867 232 918 (os)
247 851 325 910 alem
356 852 486 909 uenisse:
517 850 617 925 proin,
650 850 790 923 quoniam
820 851 909 923 poeta
941 849 1070 924 optimus
1099 867 1255 923 personam

218 941 327 1000 auitae
351 939 529 1015 deposuerit,
550 941 632 996 recta
655 937 690 995 de
715 937 861 995 auditorio
880 939 942 996 eius
962 938 1099 1012 exequias
1118 936 1255 1010 eundum,

244 1028 370 1106 legenda
394 1029 457 1086 eius
480 1046 542 1087 esse
565 1044 643 1084 nunc
666 1045 741 1100 ossa,
764 1044 831 1083 mox
855 1027 992 1084 carmina.

188 1133 237 1174 ins.
311 1117 393 1175 Haec
416 1136 470 1193 ego
493 1118 537 1174 ita
559 1117 648 1189 facta,
677 1118 711 1172 ut
734 1116 969 1188 commemoraui,
992 1115 1063 1173 olirn
1087 1114 1255 1189 didiceram,

244 1206 296 1265 sed
316 1252 322 1263 .
342 1250 349 1262 .
369 1251 376 1264 .
396 1250 403 1263 .
423 1208 491 1264 ante
510 1204 572 1263 dies
590 1222 657 1262 sam
676 1223 691 1262 e
709 1223 775 1262 meo
798 1203 929 1278 periculo
951 1203 1129 1262 recordatus.
1177 1223 1254 1277 nam,

245 1297 280 1353 ut
302 1295 480 1353 meministis
498 1294 639 1370 profecto,
663 1312 729 1350 cum
746 1291 891 1368 impedita
909 1294 986 1351 esset
1003 1294 1092 1351 imbri
1110 1293 1255 1367 recitatio,

204 1407 232 1446 ιο
245 1384 277 1440 in
299 1384 500 1459 propinquum
523 1382 600 1440 diem
624 1381 707 1440 uobis
730 1381 898 1440 uolentibus
916 1381 1037 1456 protuli,
1061 1381 1228 1457 etquidem
1250 1376 1253 1461 l

246 1471 428 1530 Philemonis
465 1471 597 1546 exemplo
632 1471 823 1545 paenissime:
861 1470 969 1546 quippe
1006 1470 1108 1529 eodem
1144 1471 1191 1528 die
1223 1472 1254 1528 in

245 1561 396 1636 palaestra
428 1559 500 1618 adeo
532 1559 721 1618 uehementer
751 1560 848 1617 talum
879 1559 1002 1633 inuenti,
1034 1562 1068 1618 ut
1099 1560 1254 1617 minimum

246 1650 380 1723 afuerim,
403 1649 475 1723 quin
498 1648 655 1706 articulum
678 1649 769 1706 etiam
792 1668 809 1705 a
833 1666 916 1706 crure
935 1647 1118 1725 defregerim.
1155 1653 1254 1707 tamen

246 1739 387 1796 articulus
410 1739 474 1795 loco
505 1738 648 1795 concessit
677 1757 770 1812 exque
801 1755 834 1795 eo
863 1737 936 1794 luxu
960 1736 1054 1794 adhuc
1076 1737 1171 1796 fluxus
1195 1741 1255 1795 est:

204 1827 348 1900 raetiam,
372 1825 442 1883 dum
465 1845 532 1883 eum
554 1825 669 1903 ingenti
691 1827 782 1903 plaga
803 1825 974 1897 reconcilio,
1003 1826 1123 1882 iamiam
1147 1826 1254 1884 sudoro

187 1931 231 1982 (aa)
246 1915 371 1974 adfatim
394 1934 514 1990 corpore
544 1914 658 1973 diutule
689 1914 814 1989 obrigui.
859 1912 928 1971 inde
959 1912 1079 1970 acerbus
1103 1913 1187 1971 dolor
1209 1914 1253 1970 in-

245 2005 421 2062 testinorum
443 2007 560 2062 coortus
583 2002 698 2061 modico
722 2005 790 2060 ante
814 2002 933 2060 sedatus
957 2003 1010 2075 est,
1034 2021 1123 2076 quam
1140 2020 1187 2058 me
1206 2001 1254 2060 de-

244 2094 334 2168 nique
357 2092 505 2152 uiolentus
529 2092 709 2151 exanimaret
732 2093 761 2150 et
784 2089 965 2150 Philemonis
987 2091 1049 2149 ritu
1067 2091 1255 2165 compelleret

245 2185 313 2241 ante
337 2183 430 2241 letum
453 2184 534 2241 adire
558 2201 647 2256 quam
669 2182 788 2255 lectum,
810 2181 910 2255 potius
933 2180 1056 2255 implere
1078 2180 1142 2237 fata
1166 2199 1255 2254 quam

205 2293 231 2332 ao
244 2271 345 2345 fanda,
368 2290 569 2330 consummare
591 2271 691 2345 potius
715 2270 845 2327 animam
869 2288 958 2344 quam
980 2268 1142 2328 historiam.
1189 2288 1255 2326 cum

244 2362 375 2435 primum
406 2361 499 2436 igitur
531 2359 609 2435 apud
631 2358 788 2417 Persianas
822 2376 914 2432 aquas
945 2358 1006 2414 lani
1033 2358 1174 2433 temperie
1203 2376 1256 2415 nec

244 2450 343 2507 minus
365 2449 501 2523 utiquam
522 2448 632 2506 blando
655 2450 786 2506 fomento
815 2464 948 2523 gressum
976 2446 1153 2521 reciperani,
1183 2465 1254 2504 non·

245 2537 316 2595 dum
340 2537 458 2612 quidem
481 2537 519 2595 ad
540 2537 727 2595 innitendum
753 2537 872 2608 idonee,
900 2535 950 2593 sed
974 2537 1118 2610 quantum
1141 2535 1179 2592 ad
1201 2554 1254 2594 uos

244 2627 401 2685 festinanti
424 2627 497 2685 satis
520 2626 690 2700 uidebatur,
717 2625 873 2683 ueniebam
899 2624 1048 2682 redditum
1072 2624 1150 2698 quod
1172 2626 1254 2699 pepi-

205 2736 231 2776 25
246 2735 361 2792 geram,
389 2733 455 2773 cum
482 2716 601 2773 interim
628 2734 681 2773 uos
709 2713 784 2770 mihi
809 2712 950 2771 beneficio
978 2715 1076 2772 uestro
1104 2732 1163 2771 non
1190 2715 1255 2772 tan-

318 2919 410 2973 uillis
429 2919 523 2973 Robde
546 2919 588 2972 illi
611 2920 660 2986 Fcp
751 2923 767 2968 3
795 2916 950 2969 comediam
975 2938 996 2985 φ
1027 2919 1031 2985 Ι
1060 2916 1255 2970 nubtialeml*

321 3004 334 3032 0

297 3004 320 3031 m
335 3004 351 3031 Χ

248 3049 263 3095 6
289 3016 400 3112 trssjrp
473 3043 558 3097 8sed
574 3086 579 3098 .
596 3085 601 3096 .
619 3086 624 3096 .
645 3043 711 3094 ante
734 3040 795 3093 dies
819 3058 880 3093 sum
903 3057 918 3094 e
942 3057 1005 3094 meo
1023 3040 1147 3110 periculo
1166 3058 1255 3094 recor-

247 3115 330 3168 datus
349 3116 447 3183 scripsi
469 3115 519 3168 sed
542 3114 639 3167 audies
664 3128 708 3165 me
731 3127 794 3165 meo
812 3111 936 3180 periculo
959 3112 1120 3166 recordatus
1138 3111 1187 3180 Pp
1207 3112 1256 3165 sed

247 3186 368 3239 audietis
387 3202 431 3239 me
449 3202 512 3239 meo
530 3204 556 3254 p.
576 3184 753 3238 recordatum
768 3183 820 3237 Kr.
835 3200 896 3238 cam
915 3183 1034 3237 Wowero
1050 3183 1127 3235 haud
1146 3183 1205 3236 sine
1219 3201 1254 3236 m.

246 3276 273 3326 p.
297 3257 459 3310 recordatus
481 3257 549 3311 Oud.
659 3260 692 3307 10
712 3254 858 3325 [uobisjrp
967 3260 998 3307 11
1019 3254 1188 3325 Philemonis
1207 3255 1229 3307 P
1251 3256 1253 3325 Ι

246 3327 407 3397 plenissime
435 3348 456 3395 φ
548 3333 580 3379 13
601 3325 739 3379 adfuerim
762 3326 784 3377 P
813 3324 940 3379 affuerim
964 3346 985 3394 φ
1015 3325 1019 3397 l
1049 3325 1255 3394 defregerimp

247 3397 461 3467 defringerimP
534 3405 566 3452 16
578 3402 606 3463 ia
625 3396 775 3466 affatimrp
846 3403 877 3450 16
889 3396 1029 3465 diutinep
1046 3398 1050 3467 Ι
1067 3397 1256 3464 aceruust¹

248 3469 364 3523 acerbus
384 3469 420 3537 φ’
493 3474 525 3522 19
546 3468 624 3523 adire
642 3468 758 3523 Stewecb
778 3468 854 3522 abne
873 3469 922 3536 Pp
1000 3473 1033 3521 20
1053 3483 1215 3522 consumare
1234 3488 1256 3536 φ

247 3540 402 3609 hystoriam
422 3560 443 3607 φ
503 3546 535 3592 22
555 3540 683 3607 utiquam
702 3540 798 3593 Rohde
816 3541 849 3606 cf.
864 3557 892 3608 p.
909 3544 966 3594 178.
978 3544 1003 3606 8,
1022 3545 1054 3593 81
1067 3540 1107 3605 0.,
1126 3558 1152 3608 p.
1169 3543 1211 3591 27.
1223 3545 1257 3592 14

247 3610 294 3663 Kr.
307 3611 400 3679 (Flor.)
424 3609 467 3662 uti
495 3626 580 3677 quam
607 3611 658 3679 Ρφ
686 3610 750 3663 utili
779 3626 864 3678 quam
891 3611 974 3681 aalpo
1007 3614 1011 3681 1
1045 3610 1208 3679 recuperaui
1234 3631 1256 3679 φ

248 3688 282 3734 23
310 3683 417 3749 ydonee
445 3701 467 3749 φ
575 3687 609 3733 24
641 3681 812 3735 uidebantur
842 3682 892 3751 Pp
927 3685 934 3752 l
965 3681 1040 3751 qriod
1072 3681 1108 3750 φ’
1140 3687 1196 3746 une
1222 3681 1257 3744 ‹a¹

242 3791 277 3837 25
297 3789 404 3857 nestro]
422 3765 441 3838 d
460 3809 481 3857 φ
