3042 4300
299 379 362 445 116
576 378 605 433 L.
624 377 758 431 nevum
776 377 1036 432 MADAVRENSIS

192 490 209 529 r.
223 491 282 530 isra.
296 488 312 527 r.
327 489 375 528 seb.
468 520 471 527 .
1254 488 1297 528 nr.
1311 486 1356 527 our

297 551 405 608 testem
431 547 513 608 uitae
540 567 623 607 meae
650 548 829 606 sanctiorem
855 546 1026 623 producam.
1072 567 1160 624 quem
1183 547 1310 624 denique

299 636 477 697 aduocatum
498 636 721 696 facundiorem?
743 637 853 696 multos
876 637 908 695 in
931 638 996 697 uita
1018 656 1085 696 mea
1107 636 1235 697 Romani
1259 656 1310 697 no·

207 744 224 784 r.
238 745 284 784 esa.
299 726 388 786 minis
411 725 538 786 disertos
561 726 644 786 uiros
667 725 769 785 sedulo
792 726 932 803 cognoui,
960 726 1012 785 sed
1033 745 1100 786 sum
1123 746 1216 802 aeque
1236 719 1241 808 l
1262 746 1311 786 ne-

296 816 408 875 minem
432 815 615 875 ammiratus.
661 834 746 874 nemo
771 818 815 874 est
838 814 934 890 hodie,
957 815 1102 890 quantum
1123 834 1190 875 mea
1207 816 1310 891 opinio

297 907 368 980 fert,
401 905 525 964 alicuius
554 907 587 963 in
615 905 785 980 eloquentia
811 904 908 963 laudis
939 907 970 963 et
995 905 1072 980 spei,
1104 906 1177 979 quin
1199 903 1310 965 Auitus
1335 922 1347 962 s

298 1012 360 1055 esse
383 995 471 1072 longe
494 994 594 1069 malit,
621 993 647 1052 si
670 1012 738 1052 cum
760 1011 794 1052 eo
817 1011 848 1052 se
871 995 984 1053 remota
1007 992 1122 1052 inuidia
1145 993 1221 1053 uelit
1243 1013 1311 1054 con·

297 1085 383 1144 ferre.
421 1083 530 1160 quippe
553 1101 653 1142 omnes
676 1081 760 1140 fandi
783 1082 910 1142 uirtutes
933 1101 1026 1159 paene
1049 1082 1184 1142 diuersae
1207 1083 1239 1141 in
1258 1083 1311 1144 illo

298 1174 363 1232 uiro
387 1175 562 1249 congruunt.
600 1189 815 1246 quamcumque
839 1172 1005 1231 orationem
1027 1172 1169 1231 suuxerit
1191 1171 1311 1247 Auitus,

297 1263 343 1321 ita
365 1261 419 1320 illa
442 1263 499 1320 erit
521 1259 650 1335 undique
673 1259 720 1319 sui
741 1261 870 1335 perfecte
895 1259 1044 1335 absoluta,
1072 1263 1107 1320 ut
1128 1261 1161 1319 in
1183 1260 1238 1320 illa
1262 1277 1356 1325 nenio

299 1370 356 1426 que
381 1349 454 1409 (lato
478 1351 658 1426 grauitatem
680 1350 814 1423 requiret
836 1368 931 1425 neque
949 1349 1069 1409 Laelius
1083 1349 1240 1410 lenitatem
1259 1369 1313 1410 nec
1325 1371 1348 1411 re

300 1439 449 1500 Gracchus
481 1439 626 1515 impetum
657 1456 710 1496 nec
744 1436 852 1497 Caesar
884 1439 1012 1498 calorem
1048 1457 1101 1498 neo
1133 1439 1312 1500 Hortensius

300 1527 540 1587 distributionem
562 1544 616 1586 neo
644 1525 753 1586 Caluus
782 1527 914 1605 argutias
942 1546 996 1587 nec
1022 1529 1236 1604 parsimoniam
1260 1528 1312 1588 Sa-

300 1617 408 1676 lustius
431 1634 485 1674 nec
508 1616 691 1692 opulentiam
712 1614 826 1675 Cicero:
853 1635 983 1692 prorsus,
1005 1619 1137 1693 inquam,
1160 1635 1197 1675 ne
1216 1620 1312 1678 omnis

300 1724 474 1782 persequar,
506 1707 532 1765 si
552 1705 679 1763 Auitum
710 1703 828 1779 audias,
858 1725 955 1780 neque
987 1705 1123 1766 additum
1152 1707 1314 1783 quicquam

301 1795 376 1855 uelis
399 1814 494 1869 neque
517 1792 683 1853 detractum
705 1813 801 1869 neque
826 1797 925 1854 autem
948 1795 1063 1871 aliquid
1088 1798 1312 1855 commutatum.
1326 1814 1349 1856 u

367 1883 471 1957 Video,
493 1884 630 1958 Maxime,
658 1884 896 1960 quambenigno
920 1883 1033 1959 audias,
1063 1903 1138 1959 quae
1161 1885 1194 1943 in
1218 1887 1314 1945 amieo

301 1976 354 2032 tuo
377 1972 469 2032 Auito
498 1974 691 2050 recognoscis.
741 1975 796 2031 tua
825 1992 871 2031 me
902 1973 1039 2048 comitas,
1069 1976 1104 2032 ut
1136 1974 1185 2032 uel
1217 1992 1315 2050 pauca

303 2061 429 2120 dicerem
452 2061 487 2120 de
511 2081 559 2137 eo,
587 2062 739 2120 inuitauit.
786 2064 900 2120 utnon
926 2080 1019 2136 usque
1043 2062 1115 2122 adeo
1138 2066 1210 2123 tuae
1232 2063 1314 2123 beni·

302 2153 450 2212 uolentiae
472 2152 645 2231 indulgebo,
668 2154 702 2210 ut
724 2151 800 2209 mihi
821 2152 994 2228 permittam
1016 2154 1077 2211 iam
1099 2152 1315 2229 propemodum

302 2242 380 2301 fesso
403 2243 435 2299 in
458 2260 547 2301 causa
569 2259 689 2316 prorsus
712 2240 751 2300 ad
773 2240 862 2301 finem
884 2241 1029 2301 inclinata
1052 2242 1087 2301 de
1105 2243 1234 2319 egregiis
1253 2243 1314 2301 uir·
1328 2262 1351 2303 ro

302 2330 418 2389 tutibus
438 2331 500 2389 eius
519 2348 597 2387 nunc
615 2329 733 2388 demum
751 2331 890 2405 incipere,
914 2330 986 2405 quin
1008 2331 1108 2407 potius
1123 2349 1173 2391 eas
1188 2332 1315 2409 integris

197 2418 294 2477 XCVI
302 2420 416 2478 uiribus
440 2423 470 2478 et
492 2420 620 2494 tempori
641 2418 734 2477 libero
757 2437 880 2478 seruem.
926 2438 1004 2478 nunc
1027 2421 1106 2478 enim
1127 2420 1212 2496 mihi,
1235 2420 1316 2497 quod

304 2526 390 2586 aegre
412 2509 492 2582 fero,
522 2508 839 2567 acommemoratione
868 2509 948 2567 tanti
977 2509 1036 2567 uiri
1059 2507 1097 2567 ad
1117 2512 1217 2585 pestes
1240 2510 1315 2569 istas

303 2599 399 2657 oratio
421 2596 602 2655 reuoluenda
624 2598 677 2655 est.

368 2685 507 2744 Audesne
540 2704 609 2762 ergo
640 2687 685 2759 te,
715 2684 897 2760 Aemiliane,
934 2704 1001 2745 cum
1033 2686 1127 2746 Auito
1159 2686 1352 2747 conferretis

375 2932 391 2980 2
410 2924 586 2981 facundiore³
598 2968 603 2978 .
616 2924 734 2980 multos
743 2925 766 2979 F
776 2926 840 2997 (duo
846 2932 954 2995 poeta
962 2928 1185 2997 esrommqie
1193 2929 1315 2984 suabe

304 2998 361 3052 lum
371 2999 464 3068 posita
472 2997 581 3063 samtcf.
595 3014 623 3065 p.
635 3001 694 3050 117.
703 3001 729 3064 5,
743 3001 796 3050 590
807 2995 847 3066 0,
865 3015 893 3066 p.
905 3003 964 3052 106.
977 3003 1009 3052 19
1019 2999 1065 3053 Kr.
1125 3003 1316 3068 dsummeque

303 3069 353 3138 Fe
407 3068 606 3123 tammiratus
620 3066 642 3119 F
656 3067 812 3123 admiratus
827 3088 848 3137 φ
865 3070 869 3137 Ι
885 3069 980 3138 opinio
999 3068 1054 3123 fert
1071 3070 1093 3123 F
1111 3068 1316 3140 fertopinioq

304 3139 512 3210 eeloquentia]
541 3138 739 3215 eloquentiel'
768 3138 927 3207 eloquentie
950 3161 972 3208 φ
1001 3144 1006 3210 Ι
1034 3140 1128 3195 laudis
1156 3144 1185 3194 et
1213 3141 1315 3211 speiF

304 3215 400 3283 (cupra
417 3213 446 3265 et
464 3227 572 3265 nasum
590 3216 629 3265 cst
646 3210 689 3279 ac)
708 3210 802 3265 laudis
826 3213 876 3265 aut
898 3212 958 3281 spei
977 3212 1109 3267 Prudens
1200 3218 1216 3267 6
1234 3211 1319 3266 malis

304 3335 352 3404 l'q
369 3338 374 3403 Ι
390 3288 458 3387 cieo
468 3334 490 3387 F
501 3337 527 3405 (1
542 3334 605 3388 add.
620 3352 655 3389 m.
669 3336 702 3404 r.)
753 3340 769 3389 8
784 3314 966 3405 qua³cu³que
985 3284 1143 3437 cra²xiie³l¹
1159 3337 1316 3392 orationem

304 3462 326 3509 φ
381 3446 415 3493 lo
433 3456 485 3494 nec
503 3438 646 3495 Gracchus
664 3442 685 3494 F
705 3445 772 3513 (non
789 3444 890 3512 neque)
910 3442 1072 3514 Graccusq
1127 3444 1315 3499 Hortensius

304 3565 353 3633 Ρφ
400 3565 634 3636 lisalustiust
672 3572 705 3620 13
715 3545 816 3635 inqua³
830 3568 1075 3639 Fumoninqua)
1113 3572 1148 3622 14
1166 3516 1316 3637 cinisum

282 3693 536 3831 ἔθζὲἓοῗοεοθε
553 3691 605 3763 Fe
693 3696 726 3747 18
744 3691 954 3747 beniuolentiae
972 3692 1020 3763 Eu
1107 3697 1141 3747 26
1160 3660 1227 3765 effe
1246 3661 1315 3749 ᾗ
