3042 4300
259 403 323 466 188
534 403 563 454 L.
583 401 715 454 APVLEI
732 399 992 454 MADAVRENSIS

181 511 241 552 19η
255 511 270 550 f.
286 513 333 552 aas.
1214 508 1257 550 na.
1273 507 1315 548 oue

392 571 443 644 qui
466 587 585 645 campos
609 570 756 644 collesque
780 567 874 646 gradu
895 568 1061 643 perlabitur
1083 587 1151 642 unc,
1278 586 1315 632 pa

259 662 293 717 ut
317 660 360 717 ait
382 659 527 717 Lucilius:
556 661 657 717 tamen
687 677 753 716 cum
783 677 817 716 eo
847 676 922 732 equo
950 651 1031 736 [per]
1059 659 1165 716 coactio
1187 659 1272 716 utcsm

257 748 429 823 percolunt,
457 748 482 806 si
511 766 598 822 quem
624 748 737 806 interea
766 747 974 821 conspicantur
996 766 1032 805 ex
1053 747 1270 822 principalibus

166 855 244 894 iarn
258 838 332 896 uiris
356 837 486 895 nobilem
509 836 667 909 hominem,
689 836 764 894 bene
787 836 963 910 consultum,
984 835 1058 894 bene
1075 829 1086 913 ΙΙ
1108 836 1271 910 cognitum,

259 945 430 1000 quanquam
462 925 571 1000 oppido
603 925 759 999 festinent,
790 927 892 983 tamen
923 924 1043 983 honoris
1076 925 1138 982 eius
1171 925 1270 1000 gratia
1298 944 1310 984 5

258 1014 396 1073 cohibent
424 1032 554 1087 cursum,
585 1015 720 1072 releuant
751 1013 890 1090 gradum,
921 1012 1076 1072 retardant
1103 1031 1212 1087 equum
1241 1016 1271 1072 et
1285 1028 1315 1079 (10

256 1103 326 1162 ilico
349 1104 380 1161 in
403 1103 492 1178 pedes
516 1103 670 1177 desiliunt,
696 1103 848 1175 fruticem,
875 1121 963 1177 quem
985 1101 1168 1160 uerberando
1192 1121 1268 1177 equo

258 1195 390 1270 gestant,
417 1211 484 1250 eam
506 1193 625 1268 uirgam
646 1192 678 1248 in
701 1192 818 1250 laeuam
841 1210 963 1250 manum
985 1192 1182 1264 transferunt,
1210 1191 1268 1249 ita-

257 1292 315 1356 que
339 1280 476 1355 expedita
499 1281 603 1338 dextra
626 1280 735 1339 adeunt
758 1298 793 1338 ac
816 1280 950 1339 salutant
972 1283 1011 1354 et,
1034 1280 1059 1338 si
1082 1280 1196 1337 diutule
1215 1280 1268 1337 ille

257 1371 413 1445 quippiam
445 1372 647 1445 percontetur,
687 1369 842 1427 ambulant
873 1369 988 1427 diutule
1021 1371 1052 1427 et
1081 1367 1270 1427 fabulantur:
1285 1389 1310 1428 ro

258 1458 384 1533 denique
409 1459 599 1533 quantumuis
621 1477 722 1517 morae
744 1458 777 1516 in
800 1457 896 1516 officio
915 1458 1041 1516 libenter
1063 1457 1225 1516 insumunt.

166 1549 242 1608 (XII
328 1547 429 1605 Grates
452 1547 504 1604 ille
530 1546 673 1623 Diogenis
701 1549 842 1620 sectator,
873 1540 955 1625 [qui]
982 1549 1017 1605 ut
1043 1546 1089 1604 lar
1110 1546 1270 1605 familiaris

261 1635 339 1710 apud
361 1636 494 1694 homines
522 1636 629 1694 aetatis
657 1655 727 1694 suae
750 1635 878 1694 Athenis
901 1636 998 1694 cultus
1022 1638 1080 1694 est:
1111 1634 1196 1693 nulla
1219 1634 1269 1693 do·

258 1743 324 1782 mus
347 1719 414 1803 <ei>
441 1743 573 1798 unquam
602 1724 704 1783 clausa
732 1727 807 1798 erat,
836 1743 891 1783 nec
919 1727 984 1782 erat
1012 1725 1107 1799 patris
1136 1724 1269 1782 familias

258 1816 322 1871 tam
346 1813 550 1872 absconditum
573 1816 726 1888 secretum,
750 1814 822 1888 quin
845 1830 879 1871 eo
901 1815 1078 1888 tempestiue
1099 1811 1201 1870 Grates
1224 1813 1269 1869 in·
1284 1832 1308 1872 ιε

258 1902 434 1975 terueniret,
461 1903 560 1960 litium
588 1903 718 1961 omnium
742 1904 773 1960 et
799 1902 963 1978 iurgiorum
986 1902 1064 1960 inter
1086 1902 1269 1977 propinquos

260 1990 440 2066 disceptator
473 1994 563 2065 atque
595 1991 714 2049 arbiter.
761 1991 840 2066 quod
868 1990 1027 2049 Herculem
1060 1990 1131 2048 olim
1162 1993 1269 2065 poetae

259 2082 425 2139 memorant
456 2083 588 2137 monstra
609 2081 673 2158 ι1112
704 2080 848 2138 immania
883 2079 1037 2138 hominum
1073 2097 1107 2137 ac
1138 2080 1270 2137 ferarum

259 2171 371 2229 uirtute
394 2170 543 2246 subegisse
567 2170 725 2243 orbemque
750 2171 848 2227 terrae
874 2188 1031 2246 purgasse,
1058 2168 1197 2228 similiter
1220 2168 1315 2235 ad-(1e

259 2277 378 2317 uersum
408 2258 592 2317 iracundiam
627 2260 656 2316 et
685 2258 831 2315 inuidiam
866 2261 955 2333 atque
988 2259 1146 2316 auaritiam
1179 2260 1269 2332 atque
1284 2280 1310 2318 so

259 2347 413 2406 libidinem
445 2350 600 2421 ceteraque
632 2347 725 2405 animi
760 2347 883 2404 humani
917 2349 1051 2405 monstra
1087 2349 1118 2405 et
1153 2346 1270 2422 flagitia

260 2437 453 2513 philosophus
480 2437 537 2495 iste
559 2436 701 2494 Hercules
728 2436 795 2494 fuit.
842 2454 890 2493 aas
914 2454 1014 2495 omnes
1040 2438 1139 2510 pestes
1163 2436 1270 2494 menti-

258 2526 313 2583 bus
337 2525 449 2601 exegit,
476 2525 607 2584 familias
629 2525 787 2601 purgauit,
813 2524 961 2582 malitiam
983 2524 1160 2600 perdomuit,
1184 2524 1269 2582 semi-

259 2615 354 2673 nudus
379 2614 495 2687 etipse
518 2617 548 2673 et
575 2614 661 2671 claua
689 2614 829 2690 insigniS,
861 2613 951 2670 etiam
981 2612 1089 2672 Thebis
1118 2612 1270 2687 oriundus,

259 2702 336 2761 unde
359 2702 516 2761 Herculem
538 2703 629 2761 fuisse
656 2703 799 2761 memoria
827 2703 916 2760 extat.
961 2702 1066 2779 igitur,
1093 2703 1269 2777 priusquam
1283 2724 1308 2764 as

330 2931 344 2977 1
366 2924 393 2979 0.
413 2924 515 2977 Lucilii
534 2923 590 2978 Sat.
610 2922 669 2978 Rel.
690 2924 798 2977 emend.
818 2924 847 2978 L.
863 2923 987 2978 Mueller.
1002 2923 1020 2976 1.
1035 2922 1125 2977 XIVf.
1143 2929 1176 2977 18
1187 2926 1216 2977 et
1226 2929 1267 2977 19.

364 2997 474 3066 Fragm.
499 2995 575 3049 Poet.
600 2996 679 3048 Rom.
709 2996 751 3048 ed.
780 2996 922 3048 Baehrens
945 3013 971 3064 p.
992 3000 1043 3048 190
1066 3013 1106 3048 ua.
1127 3000 1187 3049 349.
1208 3001 1267 3049 350.

330 3216 345 3262 2
369 3225 402 3262 eo
426 3225 497 3277 equo
521 3208 629 3262 concito
653 3208 730 3260 uiam
757 3207 906 3276 peruolant
932 3209 1030 3276 scripsi
1057 3223 1090 3261 eo
1118 3224 1190 3276 equo
1218 3224 1269 3277 per

258 3281 336 3333 uiam
364 3280 472 3334 concito
500 3278 649 3348 paruolant
667 3278 716 3348 Γφ
745 3295 808 3331 cum
835 3295 868 3332 eo
897 3294 968 3347 equo
995 3294 1131 3349 perquam
1159 3279 1268 3332 concito

258 3351 407 3421 paruolant
424 3352 519 3405 Robde
538 3367 570 3404 eo
589 3352 620 3403 ic
639 3369 660 3417 φ
680 3351 743 3403 add.
763 3368 796 3403 m.
817 3356 832 3402 2
858 3352 862 3418 l
888 3350 996 3403 concito
1019 3352 1051 3404 iu
1069 3371 1090 3418 φ
1109 3368 1144 3404 m.
1164 3356 1180 3403 2
1199 3366 1267 3405 corr.

259 3425 290 3476 ic
315 3422 454 3477 concitato
563 3426 578 3474 5
603 3435 765 3488 quanquam
789 3420 893 3489 oppido
916 3420 1051 3475 festinent
1073 3423 1107 3488 cf.
1127 3440 1154 3490 p.
1176 3426 1268 3474 145.4

260 3499 275 3546 6
294 3493 422 3547 releuant
448 3493 633 3547 Beueaemius
655 3491 784 3545 reuelant
801 3491 850 3560 Fp
941 3498 956 3545 7
980 3492 1009 3545 in
1027 3492 1113 3561 pedes
1133 3491 1268 3545 desiliunt

259 3566 294 3630 cf.
314 3564 373 3618 Met
390 3564 403 3616 I
422 3570 452 3629 2,
480 3581 506 3632 p.
527 3570 594 3616 213
702 3562 870 3637 Sleuaml'
897 3562 1032 3633 leuamp
1141 3568 1174 3616 12
1195 3562 1269 3665 [quq

255 3635 358 3687 seclum
432 3640 467 3687 14
486 3651 502 3687 o
522 3633 591 3761 <aig
610 3634 709 3688 addidi
727 3650 788 3688 cum
806 3633 867 3687 edit.
894 3635 994 3689 Vicerat.
1075 3639 1107 3688 16
1122 3633 1254 3703 lisiump

239 3707 282 3751 17
290 3706 383 3769 poete
402 3705 446 3773 φ’
456 3709 549 3775 poeta
582 3706 634 3777 ’φ1
720 3710 753 3761 19
774 3711 834 3775 post
849 3720 987 3775 purgasse
1003 3705 1068 3759 iol*
1089 3705 1197 3761 lucca
1215 3722 1269 3760 csse

225 3770 285 3821 md
300 3776 315 3839 J
326 3774 474 3832 aduersus
493 3800 517 3848 φ
597 3785 634 3835 25
654 3778 820 3855 <is>igitur
840 3777 938 3833 Robde
