3042 4300
648 375 832 431 APOLOGIA
1182 376 1245 442 113

187 484 284 528 ludend.
1169 487 1186 527 f.
1199 490 1225 529 12
1239 489 1261 530 b.
1285 521 1289 532 .

187 560 214 613 u)
229 546 341 606 nubere
365 547 467 606 uolens
495 545 587 623 longa
614 545 682 605 dote
713 548 743 605 et
771 545 857 605 molli
886 545 1056 606 condicione
1086 490 1245 608 inuitasset
1273 489 1346 532 m·

228 637 372 696 iuuenem
394 654 489 711 neque
514 653 635 709 corpore
662 653 757 710 neque
787 635 886 694 animo
909 654 1004 711 neque
1031 637 1152 695 fortuna
1173 656 1243 713 pae-

230 723 409 785 nitendum?
445 725 532 802 uirgo
555 724 686 783 formosa
714 722 771 782 etsi
793 725 833 783 sit
856 723 965 800 oppido
988 743 1115 801 pauper,
1144 728 1245 786 tamen

232 814 350 874 abunde
368 813 473 874 dotata
492 815 550 872 est:
574 813 661 871 affert
679 813 789 889 quippe
809 810 847 871 ad
865 813 1006 872 meritum
1024 832 1135 873 nouam
1153 815 1246 875 animi

204 902 378 978 sindolem,
400 901 630 980 pulchritudinis
653 901 796 978 gratiam,
819 901 899 962 floris
922 902 1133 962 rudimentum.
1178 903 1245 980 ipsa

231 992 419 1070 uirginitatis
442 991 658 1052 commendatio
685 991 749 1049 iure
776 992 942 1067 meritoque
965 990 1101 1051 omnibus
1128 994 1244 1054 maritis

233 1081 440 1159 acceptissima
463 1083 516 1140 est.
561 1098 631 1138 nam
654 1080 862 1156 quodcumque
886 1080 968 1139 aliud
991 1080 1023 1139 in
1045 1081 1145 1141 dotem
1164 1100 1244 1141 acce-

232 1171 322 1248 peris,
345 1174 440 1247 potes,
463 1188 531 1229 cum
552 1168 651 1244 libuit,
677 1188 714 1228 ne
737 1170 778 1228 sis
801 1168 942 1228 beneficio
966 1169 1136 1244 obstrictus
1159 1189 1245 1231 omne
1337 1212 1340 1217 -

231 1263 269 1320 ut
296 1277 451 1336 acceperas
478 1258 653 1333 retribuere,
673 1258 839 1335 'pecuniam
865 1277 1066 1334 renumerare,
1095 1260 1245 1336 mancipia

192 1368 220 1408 ro
232 1349 405 1423 restituere,
432 1347 519 1407 domo
547 1346 727 1424 demigrare,
753 1347 882 1423 praediis
911 1347 1020 1407 cedere.
1066 1347 1131 1408 sola
1153 1350 1245 1427 uirgi-

232 1438 313 1497 nitas
336 1456 404 1496 cum
426 1437 518 1497 semel
544 1439 667 1512 accepta
690 1440 748 1511 est,
777 1436 862 1495 reddi
891 1437 1045 1511 nequitur:
1073 1439 1137 1496 sola
1165 1437 1246 1514 apud

232 1528 378 1586 maritum
400 1545 435 1586 ex
457 1525 546 1584 rebus
562 1517 566 1607 Ι
582 1525 730 1584 dotalibus
753 1528 894 1584 remanet.
936 1525 1027 1584 uidua
1050 1530 1150 1586 autern
1173 1546 1245 1603 qua·
1258 1544 1275 1584 f.
1289 1545 1337 1584 aas.

233 1617 272 1674 lis
304 1615 418 1692 nuptiis
449 1615 546 1689 uenit,
577 1614 648 1673 talis
680 1614 809 1675 diuortio
842 1613 1020 1691 digreditur:
1056 1616 1131 1675 nihil
1160 1617 1246 1676 affert

187 1719 220 1772 ss)
233 1704 445 1781 irreposcibile,
468 1704 519 1763 sed
541 1704 625 1762 uenit
647 1703 707 1762 iam
730 1703 768 1763 ab
791 1703 851 1762 alio
874 1704 1066 1780 praeflorata,
1089 1708 1167 1766 certe
1189 1706 1246 1765 tibi

194 1813 220 1854 rs
234 1792 274 1852 ad
297 1813 373 1870 quae
395 1793 470 1853 uelis
488 1792 609 1851 minime
629 1790 741 1868 decidis,
764 1811 824 1851 non
842 1793 941 1851 minus
961 1796 1118 1871 expectens
1136 1813 1247 1854 nouam

235 1883 358 1942 domum
381 1901 471 1958 quam
493 1881 559 1958 ipsa
581 1881 643 1940 iam
670 1880 708 1940 ob
734 1900 828 1940 unum
855 1881 1017 1940 diuortium
1039 1884 1246 1959 suspectanda,

233 1973 299 2032 siue
320 1973 375 2031 illa
396 1975 491 2030 morte
514 1970 616 2030 amisit
642 1970 796 2044 maritum,
823 1973 858 2030 ut
885 1969 983 2029 scaeui
1011 1972 1117 2030 ominis
1140 1972 1247 2032 mulier

233 2064 266 2121 et
283 2062 410 2120 infausti
427 2060 559 2138 coniugii
576 2059 697 2118 minime
715 2057 893 2136 appetenda,
911 2077 963 2118 seu
975 2058 1098 2136 repudio
1113 2060 1246 2137 digressa

233 2153 290 2225 est,
313 2150 459 2211 utramuis
488 2150 600 2209 habens
631 2149 748 2226 culpam
778 2147 897 2223 mulier,
929 2167 1006 2225 quae
1035 2151 1090 2208 aut
1116 2152 1180 2208 tam
1201 2151 1246 2209 in·

194 2261 221 2300 eo
234 2239 402 2300 tolerabilis
424 2240 492 2315 fuit,
514 2242 551 2298 ut
572 2238 795 2313 repudiaretur,
817 2241 872 2298 aut
894 2240 957 2297 tam
979 2238 1123 2314 insolens,
1145 2242 1179 2299 ut
1201 2259 1245 2299 re-

234 2328 381 2405 pudiaret.
431 2328 468 2388 ob
497 2329 570 2387 haec
600 2330 630 2387 et
660 2326 720 2385 alia
749 2321 760 2405 ΙΙ
786 2326 896 2385 uiduae
925 2327 994 2385 dote
1025 2331 1112 2387 aucta
1141 2347 1245 2403 procos

234 2418 408 2479 sollicitant.
455 2418 534 2493 quod
555 2415 729 2475 Pudentilla
751 2434 869 2492 quoque
893 2416 928 2479 in
948 2416 1008 2475 alio
1030 2418 1138 2476 marito
1161 2418 1245 2478 fecis-

234 2509 291 2581 set,
313 2506 340 2567 si
361 2505 571 2583 philosophum
594 2507 781 2582 spernentem
804 2505 881 2565 dotis
904 2524 964 2564 non
985 2506 1170 2582 repperisset.

302 2596 368 2673 Age
394 2614 479 2670 uero,
510 2596 537 2655 si
564 2595 709 2657 auaritiae
736 2612 826 2653 causa
853 2594 1006 2654 mulierem
1033 2595 1245 2671 concupissem,
1254 2595 1347 2655 Xon]

192 2704 221 2747 se
234 2684 309 2761 quid
331 2685 405 2744 mihi
427 2684 531 2744 utilius
555 2682 593 2742 ad
614 2682 824 2761 possidendam
841 2683 962 2743 domum
980 2683 1042 2743 eius
1066 2684 1134 2760 fuit,
1157 2704 1247 2760 quarn

235 2773 421 2834 simultatem
442 2774 521 2833 inter
542 2776 669 2831 matrem
691 2775 722 2833 et
743 2771 821 2832 filios
844 2790 948 2847 serere,
971 2772 1100 2833 alienare
1123 2772 1161 2833 ab
1184 2776 1246 2833 eius

310 3019 324 3067 1
344 3013 440 3085 longa]
460 3014 540 3083 larga
557 3014 603 3067 uel
620 3012 699 3066 lauta
717 3012 840 3068 Steweeb.
857 3014 861 3081 Ι
879 3012 1041 3067 condicione
1059 3013 1108 3083 Frp
1163 3018 1179 3065 3
1199 3029 1248 3081 op-

235 3119 305 3190 pido
324 3121 427 3204 oppido
446 3141 468 3190 φ
540 3125 557 3172 4
574 3119 708 3174 habunde
726 3119 775 3189 Frp
792 3122 796 3189 Ι
816 3135 919 3173 nouam
937 3140 958 3189 φ
977 3123 1006 3191 (a
1024 3136 1057 3174 ecc
1074 3137 1094 3172 u
1111 3134 1179 3175 corr.
1199 3119 1246 3189 eet)

235 3262 343 3300 nouum
360 3244 440 3300 rKr.
551 3249 566 3297 7
589 3200 800 3313 quodciiquel'
830 3247 834 3313 t
864 3244 1016 3315 acceperis]
1040 3244 1180 3313 acceperit
1197 3243 1246 3313 Fe

237 3322 272 3371 14
299 3315 491 3385 irreposcibile
518 3336 540 3385 φ
568 3314 759 3384 irreposcibile
784 3315 805 3368 F
844 3318 848 3385 Ι
886 3315 978 3386 mul*
1006 3316 1101 3385 repetit
1127 3313 1247 3383 'pflorata

238 3386 459 3453 15minime121e
478 3407 499 3457 φ
525 3390 529 3456 Ι
572 3386 764 3455 expectansl'
792 3388 956 3455 suspectans
974 3406 996 3455 φ
1023 3387 1127 3441 retinui
1140 3388 1248 3455 primae

235 3475 338 3514 manue
355 3458 493 3513 tertiorum
511 3460 676 3527 suspectans
695 3459 747 3513 Kr.
822 3462 855 3511 18
871 3456 1052 3569 ίηΐαιιεὴίθΐφ
1070 3456 1180 3511 infandi
1194 3458 1246 3513 Kr.

237 3641 272 3691 10
283 3634 359 3710 (ut)
368 3635 505 3689 utramuis
524 3635 576 3690 Kr.
595 3635 734 3690 utrumuis
752 3636 801 3705 Fre
818 3638 823 3706 Ι
838 3635 960 3706 habens]
975 3582 1101 3702 bbbbdlm
1154 3640 1194 3685 ‘aa
1206 3650 1256 3683 xe-

229 3746 395 3828 pennus
409 3721 534 3833 reffeset
552 3783 573 3834 φ

274 3856 375 3899 Armi
385 3858 540 3916 Apologia
554 3869 579 3908 et
594 3867 736 3912 Florida.
1128 3844 1153 3889 Q
