3042 4300
248 350 313 415 104
560 350 591 406 L.
609 349 743 404 APVLEI
760 349 1021 406 MADAVRENSIS

179 461 191 502 i.
206 463 267 504 me.
280 460 296 500 f.
311 461 359 501 ila.
1240 460 1284 500 nd.
1298 458 1354 501 onds

280 521 393 579 hiscine
416 521 447 578 te
468 521 594 595 patruus
617 518 783 596 disciplinis
811 519 953 595 audiuit,
980 522 1028 596 ut,
1058 519 1084 579 si
1111 523 1354 597 compertumpeej

243 600 245 605 ’
282 609 391 669 habeas
427 607 505 668 filios
541 608 598 667 tibi
634 609 745 669 similes
781 607 911 684 futuros,
948 627 1007 668 non
1043 607 1153 669 audeas
1191 611 1312 670 ducere·

282 696 426 759 uxerem?

350 788 405 847 Est
428 784 480 846 ille
502 789 608 862 poetae
631 804 735 846 uersus
758 804 818 845 non
840 785 976 863 ignotus:

496 875 547 935 odi
567 876 707 952 puerulos
729 875 890 952 praecoqui
913 876 1070 952 sapientie,
1322 897 1334 938 s

283 966 334 1026 sed
361 967 440 1025 enim
470 964 589 1024 malitia
619 964 779 1041 praecoqui
806 985 932 1040 puerum
964 965 1030 1041 quis
1056 985 1117 1025 non
1144 969 1300 1026 auersetur
1312 981 1354 1034 (qu

185 1080 189 1087 ¹
283 1058 373 1131 atque
396 1053 505 1129 oderit,
532 1072 599 1112 cum
621 1054 724 1113 uideat
745 1055 832 1113 uelut
852 1057 1019 1113 monstrum
1041 1054 1192 1130 quoddam
1214 1057 1298 1133 prius

282 1144 437 1204 robustum
459 1144 567 1203 scelere
590 1160 680 1218 quam
704 1145 844 1220 tempore,
867 1146 936 1202 ante
959 1146 1113 1203 nocentem
1137 1163 1228 1220 quam
1245 1164 1298 1222 pe·

282 1237 405 1309 tentem,
422 1232 512 1291 uiridi
529 1231 668 1308 pueritia,
691 1251 765 1290 cuna
783 1230 920 1291 malitia?
943 1233 991 1291 uel
1009 1234 1109 1309 potius
1128 1233 1184 1293 hoc
1201 1235 1299 1312 magis

283 1323 418 1397 noxium,
441 1321 520 1398 quod
544 1339 611 1379 eum
633 1320 721 1381 uenia
742 1323 925 1397 perniciosus
949 1324 994 1382 est
1022 1325 1052 1382 et
1073 1322 1207 1383 noudum
1228 1342 1337 1400 pce-10

284 1431 349 1486 nae,
371 1413 433 1470 ism
455 1410 582 1469 iniuriae
604 1409 722 1469 sufficit
758 1411 887 1470 iniustae
909 1409 995 1471 dico?
1021 1413 1112 1470 immo
1136 1413 1217 1471 enim
1239 1430 1300 1472 see-

284 1501 339 1560 leri
362 1500 520 1559 aduersum
542 1501 696 1575 parentem
718 1499 856 1574 nefando,
877 1499 1012 1575 immani,
1033 1500 1202 1576 impetibili.

179 1589 330 1650 LXXXVI
374 1588 568 1647 Athenienses
608 1588 727 1663 quidem
763 1591 886 1664 propter
923 1608 1076 1649 commune
1110 1589 1158 1649 ius
1195 1590 1300 1650 huma-

284 1677 389 1737 nitatis
413 1696 447 1736 ex
470 1676 598 1751 captiuis
622 1676 758 1752 epistulis
781 1677 915 1754 Philippi
937 1678 1105 1739 Macedonis
1132 1679 1229 1740 hostis
1252 1680 1300 1740 sui

285 1786 376 1826 unam
399 1766 569 1843 epistelam,
592 1783 658 1825 cum
681 1765 817 1844 singulae
834 1767 952 1843 publice
974 1768 1157 1846 legerentur,
1179 1769 1301 1830 recitari
1314 1789 1338 1830 rs

285 1855 515 1935 prohibuerunt,
551 1873 628 1931 quae
663 1858 728 1914 e'rat
764 1856 802 1915 ad
839 1875 959 1916 uxorem
991 1856 1200 1934 Olympiadem
1232 1876 1300 1918 con»

285 1947 411 2023 scripta:
432 1940 443 2024 ΙΙ
465 1946 544 2005 hosti
570 1944 670 2021 potius
698 1948 906 2022 pepercerunt,
934 1965 970 2005 ne
992 1946 1131 2006 maritale
1154 1951 1301 2008 secretum

286 2035 490 2113 diuulgarent‚
527 2033 752 2111 praeferendum
791 2035 851 2094 rati
887 2036 934 2095 fas
972 2053 1125 2094 commune
1161 2038 1302 2115 propriae

286 2124 402 2185 ultioni.
447 2125 523 2184 tales
552 2123 651 2184 hostes
681 2124 840 2184 aduersum
869 2123 998 2185 hostem:
1028 2127 1064 2185 tu
1094 2125 1193 2201 qualis
1220 2125 1301 2187 filius

286 2216 444 2275 aduersum
473 2211 619 2273 matrem?
648 2213 746 2288 uides,
777 2233 866 2289 quam
895 2214 1006 2273 similia
1036 2214 1221 2275 contendam.
1266 2219 1338 2276 tuse

286 2307 387 2363 tamen
409 2304 488 2362 filius
515 2302 621 2361 mat1is
645 2302 789 2378 epistulas
816 2303 852 2362 de
880 2321 993 2380 amore,
1022 2307 1058 2363 ut
1086 2306 1144 2379 sis,
1174 2306 1302 2382 scriptas

286 2393 319 2451 in
341 2393 400 2451 istc
423 2394 509 2451 coetu
529 2391 615 2468 legis,
636 2391 668 2449 in
691 2409 749 2466 quo
773 2391 799 2451 si
822 2392 952 2467 aliquem
974 2396 1093 2469 poetam
1111 2393 1302 2454 lasciuiorem

286 2481 429 2541 iubereris
451 2481 558 2558 legere,
580 2481 713 2555 profecto
735 2498 795 2539 non
819 2482 974 2541 abwueres:
995 2481 1108 2557 pudore
1125 2484 1228 2542 tamen
1247 2483 1302 2542 ali·
1315 2499 1354 2551 (sc

288 2589 346 2646 quo
369 2569 558 2645 impedirsre:
580 2568 672 2627 immo
695 2570 774 2627 enim
797 2587 949 2644 nunquam
970 2572 1076 2630 matris
1093 2574 1165 2631 tuae
1183 2572 1302 2633 litteras

287 2659 448 2737 attigisses,
470 2658 496 2717 si
518 2657 597 2716 ullas
620 2656 695 2716 alias
717 2657 834 2717 litteras
859 2658 1018 2736 attigisses.
1055 2662 1088 2719 at
1107 2662 1195 2720 etiam
1211 2680 1302 2722 ausus
1315 2683 1339 2724 u

359 2887 375 2936 5
394 2878 568 2935 Comicorum
585 2878 636 2934 lat.
655 2878 715 2933 rell.
735 2878 778 2934 ed.
797 2880 926 2936 Ribbeck
943 2900 970 2953 p.
991 2888 1050 2937 111.
1070 2882 1103 2938 fr.
1125 2888 1167 2939 78.

359 3090 993 3166 5pcc-qlsapientiaF(}et-inlcrcctq
1012 3098 1075 3152 add.
1090 3114 1124 3151 m.
1139 3098 1173 3167 r.)
1192 3106 1302 3168 pcoqcp

289 3171 305 3219 6
323 3164 422 3237 pce-q:
433 3162 535 3234 pueru³
554 3164 576 3216 F
593 3170 662 3233 prcq
681 3183 708 3234 p.
728 3185 749 3234 φ
849 3167 1025 3222 8robustum
1044 3167 1154 3224 Gclcim
1171 3168 1303 3225 robustos

288 3236 338 3304 Fe
356 3234 471 3290 robusto
489 3251 551 3289 caan
568 3236 691 3290 Bcescba
709 3236 761 3290 Kr.
836 3238 998 3306 liquidem
1016 3238 1065 3309 Ρφ
1084 3239 1228 3307 quondam
1242 3257 1304 3296 cum

290 3307 407 3362 anaab.
428 3307 479 3361 Kr.
499 3309 504 3375 Ι
529 3315 645 3360 cbmune
664 3328 685 3377 φ
705 3310 739 3378 (-
755 3308 819 3363 add.
838 3325 872 3362 m.
892 3310 926 3378 r.)
1017 3316 1050 3363 14
1070 3310 1143 3380 eplis
1162 3318 1188 3367 ct
1206 3316 1303 3382 spiam

288 3378 339 3447 Ρφ
394 3382 428 3431 lc
447 3376 620 3447 olimpiades
638 3378 660 3431 l*
677 3380 725 3433 ced
742 3395 810 3434 corr.
829 3396 863 3435 ec
881 3380 1053 3450 olimpiaden
1108 3388 1141 3436 19
1160 3389 1186 3438 ct
1199 3389 1234 3437 20
1254 3383 1304 3437 cd-

288 3464 427 3519 uersustp
486 3454 520 3503 20
539 3448 724 3504 contendam?
742 3451 794 3505 Kr.
855 3456 888 3504 21
909 3467 924 3505 e
944 3456 988 3508 tas
1006 3452 1056 3522 Fcp
1112 3459 1145 3507 23
1165 3454 1304 3509 abnueres

294 3520 399 3602 chqcr
416 3520 534 3574 auderes
552 3521 601 3590 lp
709 3526 743 3575 25
770 3521 794 3575 si
816 3520 890 3576 ullas
914 3470 986 3577 adias
1003 3522 1114 3579 litteras
1132 3525 1183 3595 Fu
1213 3529 1217 3595 Ι
1242 3532 1305 3609 pest

290 3594 433 3661 attigisses
451 3592 547 3647 Robde
565 3592 628 3647 add.
647 3608 773 3659 unquam
787 3609 840 3661 pro
858 3596 980 3664 sequenti
997 3594 1133 3663 adquam
1149 3599 1154 3665 1
1171 3599 1202 3652 at
1216 3600 1304 3651 eham

286 3663 442 3787 Maii&-
463 3664 504 3719 cll,
534 3661 589 3718 Cic,
618 3663 690 3718 Phil.
717 3664 750 3718 11.
777 3670 809 3719 16
839 3664 876 3719 ad
903 3681 989 3734 quam
1015 3667 1065 3736 eq,
1093 3670 1124 3720 at
1151 3668 1221 3735 quin
1249 3669 1302 3722 Kr.

273 3747 337 3784 mm
407 3751 454 3790 mo
