3042 4300
270 363 312 427 68
545 366 573 416 L.
593 363 725 416 APVLEI
744 363 1002 417 MADAVRENSIS

194 475 256 514 llbb.
270 473 286 512 f.
301 476 347 513 lla.
1226 469 1268 510 Ed.
1280 469 1325 510 cuc

273 533 436 606 clauderet,
466 551 553 608 saepe
580 532 746 605 nobiscum,
777 531 870 589 multo
898 533 1015 607 saepius
1038 531 1119 590 solus
1145 531 1277 604 intraret,

272 623 398 680 linteum
420 623 452 679 in
475 640 577 680 mensa
595 622 725 696 positum
748 623 880 678 cerneret
903 622 965 678 sine
988 621 1050 678 ullo
1074 619 1191 696 sigillo,
1218 621 1277 678 sine

272 711 403 769 uinculo.
450 711 555 785 quidni
577 707 675 768 enim?
707 711 840 785 magicae
863 727 909 767 res
932 711 964 768 in
987 727 1021 767 eo
1040 707 1278 768 occultabantur:

273 819 308 859 eo
331 800 536 876 neglegentius
556 798 750 857 adseruabam
768 797 820 856 sed
839 816 905 856 eum
922 797 1014 855 libere
1037 797 1230 855 scrutandum
1251 799 1325 862 11111

272 889 501 964 inspiciendum,
534 888 558 946 si
590 886 708 959 liberet,
745 888 835 944 etiam
867 886 1060 946 auferendum
1090 889 1202 944 temere
1234 904 1277 944 ex·
1301 904 1311 944 s

271 977 426 1053 ponebam,
449 977 563 1034 alienae
587 975 737 1034 custodiae
761 975 1011 1050 commendabam,
1034 976 1132 1034 alieno
1156 974 1277 1033 arbitrio

271 1067 489 1142 permittebam.
536 1064 607 1140 quid
629 1065 723 1140 igitur
744 1065 1022 1139 impraesentiarum
1039 1066 1085 1124 uis
1104 1063 1163 1122 tibi
1181 1061 1278 1122 credi?

273 1156 390 1230 quodne
412 1154 577 1214 Pontianus
600 1153 738 1211 nescierit
761 1155 813 1228 qui
836 1153 991 1212 indiuiduo
1010 1152 1204 1211 contubernio
1222 1171 1279 1211 mc·

272 1264 340 1302 cum
362 1245 451 1317 uixit,
481 1243 512 1300 id
535 1246 565 1300 11
588 1244 677 1316 scire,
707 1261 797 1316 quem
818 1260 971 1316 nunquam
998 1241 1124 1301 uiderim
1146 1243 1206 1300 nisi
1227 1259 1279 1316 pro

272 1330 437 1391 tribunali?
469 1350 508 1388 an
532 1330 610 1405 quod
633 1330 757 1389 libertus
777 1330 932 1405 adsiduus,
964 1332 1012 1389 cui
1035 1332 1130 1389 omnis
1153 1331 1279 1390 facrrltas
1292 1349 1314 1388 u

272 1420 449 1497 inspiciendi
471 1421 539 1493 fuit,
563 1419 641 1494 quod
663 1420 689 1476 is
711 1419 836 1478 libertus
859 1438 918 1477 non
941 1419 1058 1494 uiderit,
1081 1422 1111 1477 te
1136 1420 1189 1494 qui
1206 1439 1279 1477 nnn·

274 1529 364 1584 quam
387 1529 421 1567 eo
445 1509 600 1567 accesseris
623 1505 752 1566 uidisse?
781 1507 906 1582 denique
929 1511 963 1565 ut
986 1508 1065 1583 quod
1088 1526 1148 1566 uon
1170 1507 1281 1582 uidisti,

272 1599 304 1655 id
327 1599 389 1656 tale
411 1598 504 1654 fuerit
527 1596 614 1671 quale
637 1596 723 1654 dicis:
747 1598 840 1670 atqui,
864 1598 964 1671 stulte,
987 1599 1013 1656 ai
1035 1596 1122 1656 hodie
1141 1597 1280 1655 1111111111-

273 1686 420 1744 dariolum
442 1688 476 1743 tu
499 1687 719 1760 intercepisses,
749 1684 890 1759 quicquid
918 1704 952 1742 ex
976 1704 1010 1745 eo
1032 1704 1198 1760 promeres,
1228 1705 1280 1763 ego

274 1776 423 1851 magicum
445 1793 591 1850 negarem.
1294 1793 1315 1832 11

191 1861 261 1918 LIV
342 1863 409 1921 Tibi
428 1863 501 1922 adeo
519 1864 669 1938 permitto,
686 1862 764 1938 finge
780 1861 907 1936 quiduis,
924 1864 1119 1936 reminiscere,
1138 1865 1282 1939 excogita,

277 1953 355 2029 quod
378 1954 473 2029 possit
494 1954 643 2029 magicum
664 1951 773 2009 uideri:
803 1953 905 2009 tamen
934 1951 969 2009 de
999 1970 1033 2010 eo
1062 1953 1161 2009 tecum
1184 1951 1281 2010 decer·

188 2056 202 2094 f·
216 2054 262 2093 141)-
277 2046 380 2101 tarem.
402 2037 405 2119 l
426 2046 479 2100 aut
502 2061 556 2118 ego
580 2041 744 2100 subiectum
766 2040 893 2098 dicerem
912 2042 964 2097 aut
982 2039 1111 2098 remedio
1130 2042 1282 2115 acceptum

274 2135 327 2191 aut
359 2151 442 2191 sacro
471 2131 616 2189 traditum
646 2133 699 2189 aut
728 2131 842 2189 somnio
873 2130 1058 2204 imperatum.
1110 2129 1192 2187 mille
1223 2129 1283 2189 alia

274 2224 345 2280 sunt
373 2221 478 2295 quibus
506 2239 624 2296 possem
655 2238 735 2278 more
769 2220 917 2277 communi
944 2221 974 2277 et
1000 2218 1209 2294 uulgatissima
1232 2218 1282 2278 ob·
1296 2238 1320 2277 a

273 2311 475 2369 seruationum
497 2308 710 2367 consuetudine
733 2327 803 2366 uere
820 2305 958 2365 refutare.
994 2325 1071 2365 nunc
1089 2306 1121 2363 id
1138 2308 1283 2381 postulas,

273 2400 308 2455 ut
332 2396 410 2472 quod
432 2397 641 2472 reprehensum
664 2397 694 2454 et
724 2395 877 2454 detentum
906 2398 1006 2454 tamen
1035 2396 1110 2453 nihil
1133 2415 1180 2453 me
1203 2396 1282 2471 apud

274 2485 385 2543 bonum
407 2485 534 2543 iudicem
564 2484 707 2559 laederet,
737 2483 768 2541 id
790 2485 874 2541 inani
896 2486 1062 2559 suspicione
1085 2485 1231 2543 incertum
1254 2487 1283 2542 et

201 2590 260 2629 nea
274 2574 459 2648 incognitum
476 2567 486 2650 ΙΙ
504 2573 684 2631 condemnet.
730 2571 810 2630 haud
832 2574 925 2631 sciam
947 2590 985 2631 an
1008 2591 1117 2646 rursus,
1140 2577 1175 2631 ut
1198 2574 1325 2647 solean-⁶

276 2662 369 2719 dicas:
393 2655 477 2735 ‘quid
496 2681 565 2737 ergo
583 2660 658 2718 illud
681 2661 747 2734 fuit,
772 2659 850 2734 quod
872 2662 964 2719 linteo
978 2664 1089 2719 tectum
1104 2662 1183 2736 apud
1205 2663 1281 2720 lares
1296 2679 1320 2719 ss

346 2835 362 2883 8
382 2827 415 2881 cf.
435 2827 497 2881 Val.
518 2829 591 2882 Max.
611 2829 648 2881 IX
667 2834 691 2881 5.
712 2832 765 2882 ext.
787 2834 810 2881 3.
832 2829 979 2882 diuiduum
997 2828 1217 2883 contubernium.

274 2994 304 3044 et
329 2989 472 3043 clauderet
497 2991 526 3042 et
551 3004 634 3057 saepe
664 2987 809 3041 nobiscum
835 3009 856 3056 φ
880 2989 1006 3056 (alterum
1025 2992 1053 3042 11
1076 2989 1097 3041 F
1122 3006 1179 3043 acu
1198 3006 1279 3059 opno-

273 3116 335 3182 scit)
354 3074 428 3168 ⁸011an
446 3113 468 3165 F
487 3112 586 3195 solkuja
606 3133 628 3180 φ
893 3184 897 3192 Ι
937 3184 941 3193 Ι
1037 3183 1042 3194 ¹
1273 3183 1278 3193 ι

345 3193 362 3239 4
381 3184 574 3255 neglegentius
593 3184 644 3253 Fe
666 3184 669 3253 l
692 3182 742 3236 aed
761 3198 825 3236 cum
843 3199 940 3250 seraper
959 3185 1003 3252 (ce.
1023 3184 1151 3253 linteum)
1172 3185 1221 3238 sed
1240 3202 1280 3238 1111

274 3256 296 3307 F
316 3257 365 3309 sed
384 3256 458 3309 enim
477 3276 498 3324 φ
517 3254 626 3308 scilicet
644 3253 719 3307 enim
737 3254 789 3307 Kr.
805 3268 865 3306 1111
879 3254 1001 3307 Boescbc
1070 3255 1279 3323 liplentiazlp

328 3339 341 3367 0

276 3382 346 3445 cqc
362 3380 569 3449 nepotianuso
632 3384 665 3431 10
680 3376 849 3446 assiduuao
910 3384 942 3431 16
956 3377 1132 3432 reminiscere
1146 3380 1195 3448 ra
1211 3396 1280 3433 oom-

275 3448 422 3504 miniscere
437 3450 550 3505 Uolnius
630 3454 663 3501 18
678 3448 835 3502 subiectum
862 3448 911 3515 Frp
994 3453 1027 3501 20
1056 3449 1281 3504 obseruationum

276 3519 325 3588 Frp
351 3520 574 3576 obsecrationum
593 3522 645 3574 Kr.
731 3524 765 3571 22
788 3518 985 3586 reprehensum
1008 3520 1057 3588 Fu>
1081 3520 1281 3589 deprehensum

277 3591 329 3644 Kr.
344 3592 378 3658 cf.
394 3591 513 3647 Flom'dc
531 3599 565 3646 94
585 3590 625 3659 0,
643 3608 669 3659 p.
690 3595 732 3642 32.
743 3595 776 3642 22
795 3589 842 3641 Kr.
864 3589 916 3643 cu.
938 3607 990 3659 pro
1010 3590 1124 3645 Fonteio
1142 3592 1163 3673 5
1181 3596 1212 3659 3,
1231 3609 1281 3662 pro

275 3662 422 3731 Cluentsp'
437 3667 488 3729 98,
516 3664 630 3735 Quintil.
654 3663 678 3715 I.
701 3661 731 3716 O.
758 3662 783 3713 Ι.
804 3665 828 3715 5.
844 3664 878 3714 33
986 3666 1020 3713 ‘23
1049 3662 1206 3727 suspicione
1235 3664 1280 3729 ro

255 3737 294 3782 24
312 3732 548 3807 condempnetur
1243 3751 1244 3755 ¹
1290 3767 1292 3771 >
