3042 4300
259 357 322 421 102
537 358 566 413 L.
585 356 718 411 APVLEI
736 357 996 412 MADAVRENSIS

184 467 243 509 rna.
257 467 273 506 r.
287 467 335 509 aaa.
1214 465 1260 506 aa
1274 464 1352 507 ouran

181 527 300 586 XXXIV
367 525 415 584 Ad
442 527 559 586 litteras
586 526 775 586 Pudentillae
802 528 1001 603 prouooastis:
1034 527 1145 586 litteris
1173 528 1273 602 uinoo,

255 635 383 692 quarum
405 616 432 676 si
454 617 546 675 uultis
569 619 731 675 extremam
755 635 874 693 quoque
893 618 1057 676 clausulam
1076 616 1189 691 audire,
1211 634 1274 676 non

255 705 403 765 inuidebo.
449 705 562 779 dictu,
591 705 697 780 quibus
723 705 822 764 uerbis
846 706 1006 782 epistulam
1028 705 1141 765 finierit
1162 705 1274 765 mulier

257 794 425 869 oberrata,
448 812 559 869 ueoorS,
583 813 693 870 amens,
716 813 828 852 amans.

319 877 395 962 Ἐγὼ
418 879 485 943 οὔτε
508 882 691 962 μεμάγευμαι
713 875 777 943 οὔτ’
793 881 849 963 ἐρῶ
871 881 927 960 τὴν
950 880 1133 963 εἱμαρμένην
1155 880 1223 960 torp.
1297 903 1310 943 e

322 973 461 1032 Etiamne
484 970 632 1048 amplius?
662 973 806 1032 reclamat
832 972 916 1032 uobis
941 972 1114 1037 Pudentilla
1136 975 1168 1033 ot
1191 974 1271 1033 sani·
1285 985 1336 1039 (ase)

254 1065 350 1121 tatem
380 1080 464 1121 suam
488 1080 506 1119 a
532 1062 640 1120 uestris
670 1062 826 1121 calumniis
857 1061 986 1137 quodam
1015 1063 1173 1139 praeconio
1204 1063 1272 1121 uin·

256 1151 344 1209 dieat.
398 1150 528 1208 nubendi
564 1153 664 1209 autem
701 1169 754 1210 seu
789 1153 935 1210 rationem
972 1170 1023 1211 seu
1063 1153 1273 1212 nooesaitatem

254 1241 318 1298 fato
347 1234 352 1318 Ι
382 1239 536 1313 adscribit,
569 1258 587 1297 a
615 1258 674 1314 quo
704 1239 833 1299 multum
865 1241 965 1316 magia
996 1243 1113 1300 remota
1144 1242 1192 1301 eat
1222 1241 1273 1299 uel

254 1330 355 1405 potius
378 1330 498 1387 omnino
521 1328 649 1388 sublata.
687 1348 764 1404 quae
789 1331 868 1387 enim
890 1330 1071 1407 relinquitur
1093 1331 1139 1389 uis
1167 1333 1272 1391 eanta-
1285 1348 1311 1388 re

254 1417 384 1477 minibus
407 1420 438 1477 et
460 1417 618 1491 ueneficiis,
640 1419 665 1476 si
688 1418 785 1476 fatum
807 1420 852 1476 rei
874 1420 1015 1494 cuiusque
1038 1419 1134 1478 ueluti
1157 1419 1272 1478 uiolen-

255 1508 388 1567 tissimus
421 1510 536 1566 torrens
575 1525 671 1580 neque
707 1509 831 1566 retineri
866 1510 966 1582 potest
1001 1528 1096 1583 neque
1132 1505 1271 1584 impelli?

255 1597 349 1673 igitur
371 1595 427 1654 hae
449 1597 597 1654 sententia
620 1614 676 1654 sua
697 1596 870 1656 Pudentilla
888 1617 948 1656 non
966 1597 1053 1656 modo
1071 1614 1118 1656 me
1137 1615 1272 1674 magum,

256 1684 307 1744 sed
330 1685 450 1743 omnino
479 1703 541 1744 esse
569 1686 701 1761 magiam
730 1688 862 1763 negauit,
907 1685 996 1760 bene,
1028 1686 1106 1761 quod
1135 1687 1271 1764 integras

256 1774 398 1849 epistolas
416 1774 522 1832 matris
540 1773 705 1832 Pontianus
724 1794 759 1833 ox
777 1794 858 1834 more
877 1775 1062 1834 adseruauit:
1084 1775 1167 1850 bene,
1192 1773 1272 1850 quod
1286 1793 1311 1836 1⁶

256 1881 310 1923 uos
333 1863 487 1923 festinatio
514 1863 617 1921 iudieii
645 1864 822 1938 anteuortit‚
852 1882 889 1922 ne
919 1864 992 1940 quid
1014 1865 1046 1921 in
1068 1864 1136 1924 istis
1159 1864 1272 1925 litteris

256 1971 291 2009 ex
323 1953 384 2010 otio
416 1954 575 2012 nouaretis.
621 1956 706 2010 tuum
738 1953 808 2028 hoo,
838 1953 982 2028 Maxime,
1012 1957 1140 2028 tuaeque
1170 1954 1272 2029 proui-

256 2041 373 2100 dentiae
396 2041 570 2100 benefieium
593 2044 646 2116 est,
669 2041 748 2116 quod
768 2061 785 2099 a
803 2043 949 2119 principio
968 2043 1135 2101 intellectas
1159 2042 1272 2101 calum·

255 2132 334 2206 nias,
363 2150 400 2190 ne
431 2131 692 2191 corroborarentur
720 2133 866 2208 tempore,
895 2132 1102 2208 praecipitasti
1130 2133 1160 2190 et
1187 2131 1273 2192 nulla

255 2221 409 2296 impertita
436 2240 519 2279 mora
546 2220 744 2280 subneruasti.
789 2220 867 2298 finge
895 2240 973 2280 nune
1001 2220 1115 2296 aliquid
1142 2224 1352 2285 matromnaer

255 2309 317 2368 filio
350 2311 484 2384 seeretis,
520 2312 564 2368 ott
595 2311 717 2385 adsolet,
753 2310 863 2369 litteris
896 2310 931 2369 de
965 2329 1064 2369 amore
1097 2310 1272 2370 confossam.
1286 2331 1311 2370 ar

255 2397 359 2458 hocine
382 2417 486 2457 uerum
507 2399 575 2473 fuit,
597 2398 711 2474 Rufino,
733 2398 789 2457 hoo
812 2418 871 2459 non
894 2399 959 2458 dieo
982 2400 1066 2475 pium
1089 2399 1141 2460 sed
1164 2399 1273 2459 saltem

255 2487 427 2562 humanum,
450 2488 624 2566 prouulgari
646 2506 696 2546 eas
719 2488 835 2548 litteras
859 2490 889 2547 et
911 2489 1100 2563 potissimum
1122 2488 1168 2547 fili
1185 2505 1272 2566 prae·

329 2679 344 2727 3
364 2672 398 2727 cf.
417 2673 509 2728 Plaut.
529 2673 612 2728 Mero.
633 2679 674 2728 82.

330 2850 541 2920 llitterasl'lu
559 2850 703 2906 litterisll
783 2852 938 2923 tepla³l¹
976 2854 1072 2908 56Γο
1091 2854 1180 2920 ΟΠΕ
1200 2870 1273 2920 μεμα

258 2924 360 2978 ΙἜΙΜαΙ
392 2923 551 2978 omero)
583 2921 840 2991 ΤὴΝΕΙΜὰρμενΙιΝ
869 2942 931 2994 εκφ
968 2924 1025 2977 P'
1013 2942 1045 2978 aa
1063 2925 1134 2979 coloe
1149 2926 1273 2995 popinae

256 2995 349 3049 eadem
366 3012 452 3049 mauu
470 2995 578 3060 receati,
597 3011 667 3063 qaae
683 2996 715 3047 in
729 3013 795 3066 pop.
813 3001 862 3049 101
881 2997 1030 3065 consputus
1048 3002 1099 3050 eat:
1127 2994 1188 3049 ἐΓὼ
1208 2995 1273 3050 odra

257 3062 728 3207 adtemptatae
744 3064 1067 3210 {testata
1043 3064 1272 3208 artata

258 3207 331 3262 baele.
352 3208 462 3262 Graeca
478 3224 528 3261 om
553 3209 571 3260 d
652 3208 823 3263 treolamat
844 3210 889 3262 Pd
913 3208 1098 3278 declamata
1191 3214 1272 3263 ‘loa

257 3277 432 3347 lumpniisp
506 3283 539 3331 15
558 3278 692 3347 epistolas
711 3281 760 3348 Fa
782 3283 786 3348 Ι
812 3280 1041 3348 adseruabitFp
1116 3286 1149 3334 16
1169 3279 1273 3334 litteris

257 3349 306 3418 Pp
399 3355 431 3403 18
433 3349 666 3475 healpmpmasp
758 3357 790 3404 19
810 3351 901 3405 nulla³
921 3351 1016 3424 imptit
1004 3351 1047 3405 tal
1066 3351 1155 3405 oral'
1178 3349 1272 3406 nulla³

258 3472 438 3556 impertitam
458 3490 507 3528 ora
526 3495 547 3544 φ
572 3478 577 3543 Ι
602 3475 792 3529 subneruiasti
811 3476 860 3545 Pp
942 3482 975 3530 21
995 3478 1080 3531 uerba
1097 3475 1141 3528 uti
1161 3474 1273 3529 adsolet

257 3562 327 3613 puae
345 3547 377 3598 lo
394 3545 454 3599 edd.
470 3552 534 3615 post
552 3562 645 3600 amore
665 3548 801 3617 lepmetor,
819 3549 979 3617 transposui
992 3554 1056 3617 post
1074 3547 1204 3617 seeretia3
1229 3562 1273 3601 as-

253 3667 329 3721 solet
345 3668 550 3736 ollrtten'sl'l
623 3676 656 3723 22
675 3670 811 3726 hocinel*
830 3671 984 3739 hoeoineo
1056 3677 1091 3725 ‘lt
1108 3669 1273 3740 prouulgari

234 3736 290 3801 Γφ
302 3740 445 3811 promulg
443 3742 489 3795 an'
507 3743 562 3797 Kr
580 3743 645 3814 Jffli
665 3744 716 3815 Fa
736 3746 771 3814 cf.
792 3750 837 3800 93
849 3750 876 3812 3
895 3742 1001 3798 asae
1017 3761 1049 3811 p
1065 3747 1112 3794 33
1119 3740 1225 3800 rane
