3042 4300
258 349 301 411 94
533 347 561 398 L.
582 345 713 398 APVLEI
731 343 990 399 MADAVRENSIS

183 459 241 498 moa.
256 457 271 498 r.
286 459 333 497 ros.
1204 449 1252 504 ‚aa
1268 447 1306 488 oo

259 519 377 574 tantum
392 515 470 573 enim
488 514 526 572 ad
545 532 612 571 eum
630 531 664 570 ex
678 512 763 571 bonis
782 514 886 570 matris
904 512 1031 572 liberum
1044 512 1135 586 uenit,
1149 513 1268 587 praeter

261 604 340 679 quod
371 605 399 660 ei
430 623 504 663 uxor
535 621 590 661 sua
622 601 804 676 quotidianis
837 600 955 661 dotibus
988 602 1145 677 quaesiuit.
1191 617 1267 674 quae

260 697 360 752 tamen
374 693 482 767 omnia
504 693 536 748 in
558 691 660 766 paucis
688 691 773 748 armis
802 691 846 748 ita
875 689 923 748 hic
951 690 1108 768 degulator
1136 689 1268 748 studiose

260 784 291 839 in
304 784 439 840 uentrem
457 779 589 839 condidit
603 783 634 838 et
647 779 822 838 omnimodis
841 779 1142 839 conlurcinationibus
1162 776 1268 852 dilapi-

261 872 353 945 dauit,
376 873 410 928 ut
433 869 563 928 crederes
586 871 727 942 metuere,
749 886 788 926 ne
812 867 884 942 quid
905 867 1012 926 habere
1035 886 1070 925 ex
1092 867 1198 926 fraude
1215 885 1268 941 pa-
1297 883 1306 922 5

258 963 344 1018 terna
362 959 520 1018 diceretur:
543 958 631 1015 homo
654 958 749 1016 iustus
773 957 882 1014 sancet
904 975 1021 1016 morum
1039 955 1121 1014 dedit
1138 973 1269 1031 operam,

260 1049 340 1123 quod
361 1049 439 1105 male
461 1049 581 1122 partum
604 1048 668 1104 erat
690 1048 726 1103 ut
747 1044 826 1102 male
848 1045 966 1120 periret,
989 1064 1042 1104 nec
1064 1046 1223 1120 quicquam
1240 1044 1269 1101 ei
1284 1056 1306 1107 (s

259 1138 396 1196 relictum
419 1139 464 1194 est
486 1154 523 1192 ex
546 1135 674 1212 largiore
701 1135 823 1192 fortuna
852 1136 971 1208 praetcr
998 1133 1191 1192 ambitionem
1214 1133 1268 1190 mi·
1284 1146 1306 1196 (a

261 1244 356 1284 seram
378 1228 409 1283 et
430 1223 609 1300 profundam
632 1223 741 1300 gudam.

172 1313 277 1372 ,XXVI
345 1313 480 1372 Ceterum
494 1332 568 1371 uxor
584 1314 646 1370 iam
658 1311 871 1387 propemodum
889 1311 991 1368 uetula
1005 1313 1035 1370 et
1048 1311 1136 1370 effeta
1148 1313 1196 1368 tot
1207 1312 1270 1368 iam
1285 1331 1306 1370 ro

262 1403 365 1462 domus
388 1401 574 1460 contumeliis
597 1400 711 1458 abnuit.
747 1400 810 1457 filia
833 1390 932 1457 autem
954 1418 1008 1474 per
1030 1399 1267 1458 adulescentulos

187 1491 382 1550 munditiores
405 1491 602 1548 inuitamento
628 1490 733 1548 matris
760 1506 831 1547 suae
858 1489 1054 1564 nequicquam
1075 1479 1268 1569 circumtuetur,

262 1579 440 1654 quibusdam
462 1579 553 1636 etiam
575 1580 672 1653 procis
696 1577 734 1636 ad
756 1576 968 1652 experiundum
985 1577 1137 1653 permissa„
1160 1577 1219 1635 nisi
1236 1577 1268 1634 in

261 1669 438 1730 facilitatem
466 1666 607 1725 Pontiani
636 1666 803 1741 incidisset,
832 1666 957 1725 fortasse
987 1685 1025 1724 an
1051 1666 1147 1724 adhuc
1177 1664 1269 1723 uidua

261 1760 329 1815 ante
362 1775 451 1831 quam
482 1755 574 1814 nubta
606 1755 686 1813 domi
714 1755 845 1814 sedisset.
890 1754 1053 1814 Pontianus
1086 1756 1112 1812 ei
1139 1754 1268 1812 multum
1282 1770 1306 1820 (a

262 1845 380 1920 quidem
403 1843 626 1903 dehortantibus
649 1843 733 1903 nobis
756 1844 929 1920 nuptiarum
955 1844 1078 1902 titulum
1104 1844 1213 1901 falsum
1238 1845 1268 1900 et
1282 1864 1306 1902 re

261 1933 470 2010 imaginarium
492 1932 628 2007 donamt,
657 1952 715 1991 nou
743 1934 858 1992 nescius
884 1951 949 1990 eam
970 1934 1061 2008 paulo
1085 1935 1153 1991 ante
1178 1950 1268 2007 quam

260 2022 396 2096 duceret,
426 2023 595 2098 aquodam
623 2021 829 2080 honestissimo
858 2022 965 2079 iuuene
994 2021 1042 2080 cui
1068 2021 1151 2096 prius
1178 2023 1267 2096 pacta

260 2113 358 2171 fuerat
386 2114 455 2188 post
484 2112 654 2172 satietatem
682 2110 862 2170 derelictam.
908 2111 990 2169 uenit
1018 2111 1112 2188 igitur
1140 2109 1179 2167 ad
1201 2128 1306 2173 eumn-2

261 2219 339 2259 noua
361 2203 456 2276 nupta
484 2219 586 2260 secura
608 2203 640 2259 et
665 2200 827 2276 intrepida,
859 2199 971 2274 pudore
998 2198 1170 2275 dispoliem,
1198 2200 1268 2257 flore
1283 2220 1306 2259 so

261 2290 389 2364 exoleto,
418 2290 552 2348 flammeo
576 2289 721 2363 obsoleto,
750 2288 836 2365 uirgo
865 2306 982 2347 rursum
1010 2292 1079 2364 post
1100 2306 1202 2347 recens
1224 2306 1268 2346 re-

262 2379 385 2452 pudium
407 2397 513 2436 nomen
535 2379 635 2453 potius
658 2378 793 2437 adferens
811 2376 928 2452 puellae
948 2396 1037 2452 quam
1055 2377 1266 2453 integritatem.

262 2466 435 2525 uectabatur
453 2465 620 2542 octaphoro.
658 2465 775 2527 uidistis
793 2467 924 2541 profecto
943 2467 995 2541 qui
1014 2466 1160 2540 adfuistis,
1180 2484 1268 2541 quam

262 2554 396 2630 improba
425 2555 565 2612 iuuenum
595 2555 879 2630 circumspectatrix,
914 2573 1003 2629 quam
1036 2554 1194 2612 immodica
1222 2553 1267 2612 sui

335 2712 367 2757 14
387 2705 421 2759 cf.
440 2705 506 2758 Met.
525 2705 563 2757 IV
582 2711 616 2758 32
634 2723 661 2773 p.
681 2711 723 2759 92,
735 2711 777 2758 23.

210 2866 215 2880 .
335 2837 402 2882 lex
420 2829 468 2899 Fp
488 2832 554 2899 (aon
573 2829 617 2898 de)
690 2828 914 2898 ucetidianisp
991 2835 1008 2883 4
1033 2828 1266 2883 conlurchinatio-

262 2902 345 2954 nibus
363 2901 412 2970 Fp
489 2906 504 2953 6
524 2900 613 2953 iustus
632 2903 661 2954 et
678 2917 786 2953 morum
804 2900 853 2969 Fp
871 2901 985 2967 fortusse
1001 2901 1058 2967 fuit
1075 2900 1093 2953 i.
1113 2902 1143 2954 et
1160 2916 1266 2954 morum

263 2971 455 3045 <proborum>
482 2971 527 3025 acl
553 2989 661 3026 morum
688 2970 835 3044 (uindex)
863 2970 970 3024 scilicet
996 2988 1105 3023 morum
1132 2971 1184 3025 Kr.
1207 2986 1267 3025 mm

263 3044 391 3098 Acidalio
400 3044 429 3096 et
437 3041 747 3115 m.<integer>00luius
756 3045 785 3096 et
794 3040 1123 3114 m.<ueterum>Scrioer.
1181 3047 1214 3095 10
1229 3040 1273 3094 ef„

262 3114 377 3168 fectaF
397 3118 422 3185 (c
439 3114 490 3168 dcl.
509 3131 543 3167 m.
566 3114 600 3181 r.)
625 3112 710 3167 effata
734 3115 790 3196 Q!
819 3115 863 3167 tot
886 3112 944 3165 iam
969 3112 1066 3165 domus
1092 3112 1266 3166 contumeliis

262 3187 467 3311 {istm
479 3184 598 3310 <ltili
614 3184 978 3309 caussatur
997 3183 1266 3323 durasset

262 3327 297 3393 cf.
316 3327 382 3380 Met.
406 3326 445 3379 IV
465 3332 506 3393 13,
526 3330 566 3378 77.
583 3331 616 3379 23
644 3333 669 3381 ct
695 3324 733 3379 Vl
757 3330 782 3393 6,
802 3330 910 3378 12212
1020 3331 1052 3378 lt
1079 3324 1218 3379 facilitate
1245 3344 1265 3393 φ

266 3456 297 3502 15
316 3449 444 3503 nubtaF
518 3455 550 3504 16
570 3399 763 3505 dddltantibns
781 3471 802 3520 φ
820 3453 824 3518 Ι
839 3449 1000 3518 nuptiarum
1018 3450 1066 3519 Fp
1140 3455 1173 3503 19
1191 3449 1265 3504 dere-

263 3533 390 3627 dommi·
409 3522 544 3627 derelict}
562 3595 583 3644 φ
603 3579 630 3645 (a
648 3592 682 3630 ιω
698 3591 717 3627 u
735 3575 814 3642 corr.)
886 3579 920 3626 20
935 3572 1090 3655 despoliato
1105 3573 1126 3626 F
1141 3577 1170 3644 (a
1182 3590 1266 3643 cupro

265 3645 365 3699 &mam
382 3646 445 3699 add.
464 3663 498 3699 m.
520 3646 545 3713 1)
565 3645 715 3713 dispoliata
739 3665 761 3713 φ
785 3652 809 3700 et
828 3662 877 3715 my.
897 3644 918 3696 F
943 3643 1093 3713 dispoliata
1117 3644 1264 3712 pudorep

253 3720 293 3764 22
302 3713 436 3768 adferens
452 3716 479 3767 F
495 3714 616 3771 afferens
636 3737 658 3787 φ
