3042 4300
648 406 832 463 APOLOGIA
1204 405 1246 471 97

176 517 286 560 cucone.
1171 517 1188 558 r.
1201 518 1262 559 rece.
1275 519 1292 558 r.
1306 521 1355 562 ree.

230 578 351 639 causari
373 579 522 638 moluisse.
568 597 607 636 on
635 578 700 638 solo
721 575 858 636 Phaedre
885 575 995 635 falsum
1018 576 1189 652 epistolium
1210 578 1246 637 de

231 685 333 727 amore
357 670 524 727 commenta
547 670 601 742 est,
624 670 656 727 st
678 685 738 726 non
757 665 892 726 omnibus
915 665 1089 725 mulieribus
1108 667 1180 726 haec
1199 687 1247 728 ars

231 759 347 817 usitcts
378 759 438 831 est,
467 759 517 830 ut,
547 774 614 815 cum
643 754 758 831 aliquid
786 756 848 815 eius
875 755 956 813 modi
978 755 1055 813 uelle
1079 761 1248 833 coeperunt,

231 846 341 905 malint
373 848 493 905 coactae
525 842 640 903 uideri?
672 844 752 920 quod
785 844 811 904 si
841 844 933 903 etiem
959 838 1036 922 (cer)
1064 845 1164 904 enimc
1194 846 1248 905 ille

173 936 356 1012 imputauit
369 952 417 993 me
434 953 556 1012 megum
574 952 646 1009 esse,
668 933 816 993 idcircone
834 951 939 1011 magus
961 933 1080 1008 habear,
1104 935 1248 1010 quiahoc

205 1046 219 1086 s
233 1023 354 1099 scripsit
367 1020 559 1082 Pudentilla?
577 1042 631 1083 uos
644 1026 693 1082 tot
706 1022 898 1100 argumentis,
915 1017 926 1101 ΙΙ
942 1024 990 1081 tot
1006 1022 1142 1099 testibus,
1160 1027 1277 1084 tantur.
1292 1044 1354 1083 1218.

233 1114 370 1173 oratione
388 1130 510 1190 mogum
527 1130 575 1170 me
593 1131 653 1172 non
670 1111 818 1188 probatis:
835 1111 889 1170 illo
907 1129 966 1170 uno
980 1111 1070 1171 verbo
1088 1112 1248 1189 probaret?

234 1206 264 1262 et
288 1204 402 1278 quanto
424 1201 547 1261 tandem
569 1200 691 1279 grauius
713 1200 883 1260 habendum
905 1203 959 1276 est,
982 1200 1062 1276 quod
1084 1202 1116 1260 in
1138 1203 1247 1262 iudicio

233 1291 440 1365 subscribitur,
463 1309 554 1367 quem
571 1290 652 1367 quod
669 1291 701 1349 in
722 1291 849 1366 epistole
873 1288 1031 1349 scribitur?
1055 1290 1128 1367 quin
1149 1295 1184 1351 tu
1201 1312 1249 1351 me

193 1401 221 1442 ro
233 1380 372 1441 meismet
388 1380 486 1456 fectis,
509 1397 569 1438 non
587 1380 693 1439 alienis
711 1379 810 1440 uerbis
828 1376 975 1438 reuincis‘?
999 1382 1129 1439 ceterum
1147 1380 1250 1440 eodem

234 1471 286 1528 uie
308 1469 397 1528 multi
425 1470 469 1528 rei
496 1468 627 1529 cuiusuis
653 1467 792 1528 maleficii
823 1468 1070 1544 postulabuntur,
1098 1470 1123 1530 si
1149 1474 1250 1530 retum

233 1559 371 1618 futurum
394 1561 451 1632 est,
475 1559 555 1633 quod
578 1557 703 1634 quisque
725 1559 758 1616 in
781 1557 908 1633 epistola
931 1559 1056 1617 sunuel
1080 1578 1178 1618 amore
1201 1562 1250 1619 uel

234 1647 303 1708 odio
327 1647 494 1722 cuiuspiam
516 1647 676 1723 scripserit.
713 1641 847 1724 ‘mogum
868 1650 899 1705 te
922 1647 1042 1722 scripsit
1064 1647 1249 1709 Pudentilla:

173 1753 220 1806 ees)
234 1737 329 1815 igitur
351 1754 457 1814 magus
480 1731 530 1795 es.'
578 1736 658 1812 quid,
681 1736 707 1796 si
730 1737 881 1796 consulem
903 1753 950 1793 me
973 1738 1152 1812 scripsisset:
1183 1757 1250 1799 con·

195 1846 222 1887 rs
236 1826 284 1885 sul
306 1822 422 1885 essem?
469 1824 541 1901 quid
573 1826 667 1900 enim,
698 1825 723 1884 si
750 1824 909 1900 pictorem,
938 1825 965 1884 si
987 1826 1145 1901 medicum,
1179 1827 1250 1903 quid

235 1915 379 1990 denique,
402 1913 428 1973 si
450 1912 657 1974 innocentem?
702 1934 774 1972 num
797 1913 912 1988 aliquid
935 1913 1040 1972 horum
1062 1917 1183 1989 putares
1206 1917 1250 1975 id-

235 2005 324 2078 eirco,
348 2003 427 2079 quod
449 2002 504 2062 illo
526 2000 668 2062 dixisset?
695 2003 772 2060 nihil
794 1999 915 2061 seilicet
952 2003 1037 2077 utqui
1055 2003 1251 2077 periniurium

235 2096 282 2153 est
305 2093 334 2153 ei
356 2091 445 2152 fidem
466 2093 499 2151 in
528 2092 678 2169 peioribus
708 2091 830 2167 hebere,
860 2090 908 2151 eui
936 2091 968 2150 in
997 2091 1168 2152 melioribus
1191 2113 1251 2154 non

235 2182 374 2257 haberes,
403 2200 489 2258 posse
519 2183 637 2242 litteras
665 2182 728 2241 eius
757 2180 796 2240 od
817 2181 991 2257 perniciem,
1021 2199 1080 2239 non
1103 2201 1189 2257 posse
1213 2183 1251 2242 ed

195 2294 223 2333 so
238 2272 375 2332 salntem.
421 2264 495 2330 'sed'
528 2271 628 2347 inquit
651 2265 798 2349 ‘<e'mpos>
828 2269 918 2328 animi
951 2270 1023 2345 fuit,
1055 2270 1190 2331 efflictim
1220 2275 1251 2332 te

236 2354 380 2420 emebat?
417 2361 543 2419 concedo
566 2360 694 2419 interim.
732 2379 805 2418 num
825 2363 927 2418 tomen
950 2378 1050 2419 omnes
1076 2360 1126 2435 qui
1150 2379 1251 2427 smon-

237 2547 306 2615 filio,
317 2580 351 2588 -
361 2551 399 2619 (p.
410 2552 454 2602 97.
465 2548 491 2616 1)
504 2546 638 2659 meilnisse
656 2548 780 2603 Bosscha
797 2546 1011 2601 excusebnndus
1031 2547 1137 2601 ofilioF
1152 2553 1177 2620 (c
1195 2551 1252 2617 fere

235 2689 318 2728 erasa
335 2673 383 2741 cst)
402 2631 594 2743 excusobdisd'
615 2671 686 2727 sfilio
706 2693 727 2742 φ

310 2796 491 2851 lmelnisset
505 2798 558 2867 (set
575 2798 607 2850 ire
626 2813 655 2849 sc
673 2812 741 2852 corr.
761 2814 795 2850 m.
815 2797 890 2865 rip
979 2756 1096 2852 snite
1114 2798 1136 2851 F
1153 2801 1157 2868 Ι
1174 2798 1250 2871 (ex)

237 2868 333 2922 animo
351 2869 451 2938 scripsi
469 2868 563 2921 animo
582 2867 631 2937 Pp
652 2874 717 2922 eino
736 2869 754 2921 d
771 2870 775 2937 Ι
795 2867 846 2921 ills
864 2869 963 2937 scripsi
979 2867 1021 2921 ite
1039 2870 1099 2924 cdd.
1173 2876 1252 2925 eme

236 2956 354 3010 mogum
379 2955 439 2993 esse
465 2939 557 2994 scelus.
583 2939 635 2993 Kr.
741 2944 756 2992 7
781 2939 908 2993 oratione
932 2939 982 3007 Pp
1010 2940 1173 3008 operatione
1199 2941 1251 2995 Kr.

238 3016 254 3065 8
273 3011 391 3065 tandem
408 3010 458 3080 Ρφ
482 3013 578 3064 tamen
597 3011 649 3064 Kr.
668 3026 730 3064 cum
747 3010 825 3065 JaJm
879 3016 894 3064 9
913 3016 986 3064 ct12
1006 3010 1127 3078 epistole
1145 3011 1166 3063 F
1186 3015 1253 3079 epte

238 3102 260 3151 φ
286 3085 290 3151 Ι
316 3082 385 3151 quin
407 3085 440 3136 tu
464 3098 509 3135 me
531 3081 671 3152 meismet]
695 3080 763 3149 quin
786 3084 846 3135 tum
870 3098 885 3135 e
908 3081 1036 3135 meismet
1058 3082 1079 3133 F
1104 3082 1252 3154 qntutpmej

236 3153 367 3208 meismet
386 3174 407 3223 φ
500 3158 531 3207 12
552 3153 668 3221 „malim
686 3156 758 3207 suo“
778 3152 829 3208 Kr.
921 3158 954 3205 16
979 3152 1119 3226 (uerum)
1138 3155 1252 3221 putares

237 3278 316 3334 sese
407 3283 442 3332 rs
458 3277 488 3331 in
506 3276 649 3347 peioribus
668 3282 692 3337 s
705 3237 805 3351 habi?
812 3293 928 3386 Aposse
946 3299 968 3347 φ
988 3280 1029 3349 (re
1047 3278 1129 3333 caree:
1156 3264 1188 3349 Ᾱ
1208 3278 1254 3332 cu

237 3385 269 3438 in
286 3384 450 3439 melioribus
468 3394 505 3439 no
523 3385 642 3439 haberes
661 3386 781 3455 (scripsit
798 3403 831 3439 m.
846 3401 914 3440 saec.
930 3385 982 3439 XI
983 3385 1019 3454 V)
1034 3384 1064 3438 in
1077 3383 1220 3453 peioribus
1234 3392 1254 3438 1'1

238 3456 472 3525 heberesposse
490 3457 511 3508 F
534 3455 622 3510 uerba
644 3455 965 3510 habere-melioribus
988 3457 1020 3510 ie
1042 3457 1060 3509 d
1083 3472 1186 3525 quoquc
1209 3457 1254 3511 de-

239 3534 305 3583 suoet
377 3528 484 3594 soced,
502 3527 604 3595 inquit,
624 3526 757 3600 (impos)
774 3527 861 3581 enimi
879 3529 978 3597 scripsi
995 3529 1124 3595 cfi98.15
1144 3526 1193 3580 sed
1211 3527 1252 3580 in-

239 3598 311 3667 quid
329 3598 417 3653 animi
440 3598 496 3653 fuit
514 3599 565 3667 Fp
585 3598 688 3669 (inquit
706 3620 727 3669 φ
747 3617 781 3654 erc
798 3600 877 3668 corr.)
897 3601 928 3653 ire
947 3619 968 3668 φ
987 3617 1021 3653 m.
1041 3615 1108 3655 saec.
1130 3598 1209 3652 XIV
1223 3600 1255 3652 irr

238 3740 290 3793 my,
305 3725 418 3792 semper
431 3722 563 3793 inquieti,
582 3723 697 3795 inquies
712 3724 805 3781 enimi
821 3726 876 3783 Kr.
895 3741 961 3781 curo
973 3679 1252 3790 retorsisset&
1266 3730 1292 3772 <s

230 3797 308 3861 (corr.
329 3810 361 3846 m.
381 3810 449 3850 saec.
471 3796 566 3869 XIV)

270 3888 540 3949 Arnnrdpologie
557 3904 580 3943 et
597 3903 745 3950 Florids.
1140 3878 1162 3924 Ἰ
