3042 4300
256 351 298 415 36
531 349 560 401 L.
580 346 711 401 APVLEI
728 345 989 399 MADAVRENSIS

182 463 241 501 uos.
255 460 271 500 r.
286 460 320 500 ab.
1211 452 1256 492 nu
1269 452 1315 493 oue

259 520 368 595 quippe
393 517 444 593 qui
465 517 544 574 inter
564 517 662 591 prima
690 516 805 592 regalia
834 515 967 588 docetur,
996 533 1050 573 nec
1079 514 1134 571 ulli
1156 515 1269 572 temere

258 609 336 665 inter
353 606 458 664 Persas
482 623 650 664 concessum
669 607 714 664 est
731 623 852 680 magum
871 623 941 677 esse,
965 603 1044 660 haud
1062 603 1159 680 magis
1180 622 1270 677 quam

257 715 388 772 regnare.
433 695 512 752 idem
534 693 621 752 Plato
651 694 683 751 in
713 694 773 751 alia
802 693 1046 751 sermocinatione
1074 692 1109 749 de
1134 692 1269 750 Zamolxi
1283 706 1315 755 (so

260 784 386 860 quodam
409 783 516 841 Thraci
539 783 669 859 generis,
699 781 750 840 sed
780 781 910 840 eiusdem
938 781 1011 839 artis
1038 781 1103 838 uiro
1131 781 1174 838 ita
1199 781 1270 839 scri·

260 876 344 950 ptum
366 873 501 948 reliquit:
538 868 590 941 τὰς
613 863 640 929 δ’
666 866 782 952 ἐπῳδὰς
807 862 974 939 εἶναιτοὺς
997 866 1103 948 λόγους
1125 866 1195 939 τοὺς
1218 891 1268 927 κα·
1297 888 1308 929 5

257 961 335 1033 λούς.
373 961 451 1036 quod
474 961 500 1019 si
521 961 566 1017 ita
589 961 642 1033 est,
666 977 717 1016 cur
738 957 812 1016 mihi
835 977 920 1017 nosse
943 977 1002 1016 non
1025 959 1115 1016 liceat
1137 957 1185 1015 uel
1206 958 1271 1015 Zal-

257 1051 363 1109 molxis
399 1051 477 1108 bona
508 1047 599 1106 uerba
634 1049 683 1105 uel
714 1048 864 1106 Zoroastri
893 1044 1076 1105 sacerdotia?
1120 1047 1167 1104 sin
1198 1066 1271 1105 uero

257 1158 339 1197 more
370 1138 489 1215 uulgari
521 1156 587 1194 eum
620 1137 672 1195 isti
700 1137 819 1213 proprie
853 1156 974 1213 magum
1005 1135 1189 1208 existimant,
1219 1136 1271 1210 qui

259 1228 463 1287 communione
492 1225 632 1300 loquendi
660 1244 727 1283 cum
757 1225 818 1283 deis
849 1224 1067 1283 immortalibus
1101 1224 1137 1281 ad
1171 1225 1271 1281 omnia

259 1337 333 1392 quae
365 1316 440 1374 uelit
470 1313 654 1372 incredibilia
686 1313 814 1389 quadam
847 1316 879 1371 ui
913 1313 1115 1371 cantaminum
1146 1313 1314 1389 polleat,·p.a

258 1405 366 1482 oppido
401 1405 507 1476 miror,
542 1423 592 1461 cur
623 1421 758 1461 accusare
788 1422 847 1460 non
878 1403 1034 1460 timuerint
1067 1421 1153 1476 quem
1184 1421 1270 1476 posse
1285 1423 1310 1462 11

257 1497 377 1552 tantum
404 1494 543 1550 fatentur.
588 1511 682 1566 neque
706 1492 784 1549 enim
810 1493 873 1548 tam
897 1492 1012 1549 occulta
1040 1492 1070 1548 et
1093 1490 1195 1548 diuina
1218 1510 1269 1567 po-

257 1583 353 1640 tentia
385 1581 483 1639 caueri
511 1577 620 1655 potest’
640 1581 744 1639 itidem
776 1582 810 1638 ut
842 1582 945 1638 cetera.
992 1580 1131 1638 sicarium
1161 1579 1211 1653 qui
1239 1580 1270 1636 in

261 1669 402 1727 iudicium
425 1672 526 1744 uocat,
550 1670 706 1728 comitatus
730 1669 826 1727 uenit:
856 1669 907 1743 qui
930 1669 1121 1728 uenenarium
1145 1670 1271 1742 accusat,

264 1759 462 1834 scrupulosius
482 1757 610 1815 cibatur:
633 1758 684 1832 qui
701 1758 797 1815 furem
812 1758 918 1834 arguit,
937 1777 991 1816 sua
1010 1756 1146 1816 custodit.
1179 1758 1310 1816 enim-15

263 1866 333 1906 uero
357 1848 408 1922 qui
430 1867 550 1923 magum
574 1847 691 1921 qualem
713 1847 763 1905 isti
795 1847 896 1904 dicunt
925 1848 956 1903 in
985 1847 1140 1906 discrimen
1164 1847 1270 1921 capitis

263 1936 389 2011 deducit,
413 1935 518 2011 quibus
542 1936 706 2010 comitibus,
734 1935 840 2011 quibus
863 1936 1017 2012 scrupulis,
1045 1934 1150 2009 quibus
1175 1937 1270 1993 custo·

264 2025 348 2084 dibus
370 2026 530 2100 perniciem
553 2043 670 2083 caecam
692 2026 722 2083 et
744 2023 947 2084 ineuitabilem
969 2022 1144 2100 prohibeat?
1181 2024 1270 2082 nullis

262 2115 387 2176 scilicet:
418 2117 448 2173 et
476 2113 542 2173 ideo
572 2114 603 2172 id
632 2133 724 2192 genus
752 2114 863 2173 crimen
891 2115 1019 2173 nonest
1047 2113 1109 2171 eius
1134 2131 1270 2171 accusare

264 2206 316 2279 qui
338 2203 439 2262 credit.
1284 2221 1310 2261 ao

182 2290 270 2351 XVII
330 2292 441 2349 Verum
463 2290 536 2348 haec
558 2292 649 2348 ferme
672 2292 820 2349 communi
843 2290 970 2365 quodam
994 2309 1090 2348 errore
1118 2291 1269 2365 imperito·
1283 2304 1315 2356 (45

262 2400 330 2439 rum
359 2379 542 2454 philosophis
573 2379 772 2453 obiectantur,
802 2381 836 2437 ut
864 2380 975 2454 partim
1005 2398 1105 2437 eorum
1135 2380 1186 2454 qui
1209 2398 1270 2437 cor-

265 2487 369 2545 porum
401 2486 504 2526 oausas
536 2485 632 2524 meras
664 2469 695 2524 et
725 2468 874 2542 simplices
910 2469 1057 2527 rimantur
1088 2468 1269 2544 irreligiosos

267 2559 374 2633 putent
396 2574 488 2631 eoque
512 2556 594 2613 aiant
617 2554 686 2614 deos
705 2556 841 2629 abnuere,
864 2559 898 2613 ut
911 2548 1129 2638 Analxagoram
1148 2559 1178 2614 et
1195 2557 1270 2614 Leu-

267 2647 387 2721 cippum
409 2646 439 2703 et
461 2643 663 2703 Democritum
686 2647 716 2703 et
734 2644 895 2720 Epicurum
917 2648 1086 2721 ceterosque
1104 2666 1198 2704 rerum
1219 2665 1270 2704 na·
1285 2663 1309 2703 as

263 2736 351 2792 turae
371 2736 529 2809 patronos:
556 2733 667 2808 partim
697 2736 812 2808 autem,
842 2735 893 2809 qui
921 2734 1139 2810 prouidentiam
1166 2734 1269 2792 mundi

336 2926 352 2972 3
372 2918 509 2973 Charmid.
528 2937 557 2987 p.
577 2924 658 2973 157a.

338 3104 351 3151 1
376 3097 481 3166 quippe
505 3095 554 3164 qui
577 3097 626 3165 rc
642 3097 764 3164 defendit
789 3098 882 3153 Robdc
902 3099 937 3164 cf.
961 3099 1050 3167 acl-p.
1072 3104 1149 3166 tal,
1168 3102 1218 3151 437
1240 3097 1270 3151 Ο.

265 3188 293 3237 p.
308 3175 376 3224 tat
402 3168 448 3221 Kr.
522 3174 537 3220 3
556 3166 681 3222 Zamolxi
699 3168 720 3220 F
739 3167 858 3221 zalmoxi
877 3187 899 3236 φ
917 3170 980 3222 item
997 3176 1069 3223 cst
1088 3170 1136 3223 ubi
1153 3169 1175 3221 F
1194 3170 1273 3223 babet

268 3240 403 3294 Zalmolxi
485 3246 502 3292 4
520 3238 621 3292 Thraci
639 3239 688 3308 rc
774 3238 867 3293 5Td(
885 3239 924 3293 de
942 3239 1073 3295 ΕΠΟᾱὰ(
1091 3242 1245 3307 ΕΙΝῙΠΟΙ(
1266 3240 1269 3309 l

267 3312 396 3375 λΟΓΟΥ(
412 3309 615 3372 ΤΟΥΕΚὰλΟΙς
632 3310 653 3363 F
726 3314 742 3363 6
763 3309 953 3392 uproassris
972 3312 1005 3377 cf.
1020 3329 1047 3379 p.
1063 3316 1159 3376 41.1a,
1178 3316 1229 3364 465
1241 3309 1271 3363 0.

267 3399 295 3449 p.
315 3387 382 3435 41.1
403 3380 448 3434 Kr.
464 3381 641 3452 Zoroastrisz
660 3400 682 3450 φ
738 3384 772 3434 10
789 3380 967 3435 incredibilia
981 3381 1029 3449 Fu
1044 3381 1204 3435 incredibili
1219 3382 1271 3435 Kr.

1093 3466 1105 3493 0

266 3521 327 3558 cusa
342 3504 457 3560 Gasacb.
475 3508 478 3571 Ι
495 3505 685 3559 cantaminum
698 3505 747 3572 (εἰσ
757 3504 882 3574 plessai*
939 3511 970 3558 12
981 3522 1071 3573 neque
1090 3524 1103 3559 ε
1122 3527 1143 3574 φ
1199 3510 1231 3558 15
1242 3507 1273 3559 ia

268 3596 289 3643 φ
308 3576 403 3628 ordine
420 3577 563 3629 uerborum
580 3581 683 3629 mutato
702 3576 812 3644 leuiter:
839 3575 930 3629 uenit·
955 3576 1143 3645 scrupulosius
1163 3576 1273 3629 cibatur

267 3645 316 3712 qui
333 3645 515 3699 uenenarium
533 3647 657 3699 accusat·
678 3663 695 3713 q
713 3645 804 3699 furem
822 3653 867 3701 cet.
976 3653 1009 3700 20
1031 3649 1152 3716 suspicor
1169 3649 1271 3720 fuisset

265 3732 397 3771 accusare
420 3715 530 3789 (uera)
549 3716 597 3783 qui
616 3715 705 3770 credit
777 3723 811 3770 24
831 3718 941 3785 „malim
959 3722 1077 3785 eosqueu
1097 3719 1150 3773 Kr.
