3042 4300
257 348 299 411 ’12
532 348 560 399 L.
581 346 712 400 APVLEI
731 345 990 401 MADAVRENSIS

180 457 240 498 nse.
255 457 270 495 r.
286 457 332 496 rsa.
1213 453 1255 494 ne,
1269 453 1317 492 oue

257 515 354 594 gregis
377 515 524 590 primitias
548 516 694 592 impertit:
722 515 839 574 nullum
866 516 897 572 in
924 516 1000 574 uilla
1024 515 1087 573 eius
1111 513 1268 572 delubrum

257 605 363 677 situm,
392 605 492 662 nullus
521 605 605 663 locus
632 607 686 662 aut
713 605 798 664 lucus
822 608 1016 663 consecratus.
1062 603 1189 678 etquid
1213 621 1269 679 ego

257 693 382 751 deluso
406 696 436 751 et
459 693 581 754 delubro
610 691 736 768 loquor?
772 696 884 768 negant
910 693 1022 752 uidisse
1050 711 1081 752 sa
1110 692 1161 767 qui
1184 693 1269 750 fuere

257 783 288 839 in
319 781 426 839 finibus
459 781 522 840 eius
555 802 647 840 unum
677 782 784 840 saltem
816 785 868 840 aut
899 782 1030 857 lapidem
1059 783 1183 840 unctum
1217 783 1272 838 aut

256 889 372 928 ramum
405 874 585 930 coronatum.
638 871 731 947 igitur
760 870 960 948 adgnomenta
996 871 1023 929 ei
1060 870 1119 928 duo
1155 861 1270 928 indita:
1297 889 1309 928 e

259 959 383 1034 Charon,
406 963 442 1018 ut
464 959 525 1017 iam
548 959 625 1034 dixi,
649 959 685 1018 ob
710 960 769 1018 oris
793 961 823 1017 et
846 960 938 1017 animi
960 959 1127 1033 diritatem,
1151 958 1204 1017 sed
1229 959 1271 1016 al-

257 1052 370 1123 terum,
407 1047 485 1123 quod
521 1048 661 1107 libentius
694 1048 795 1122 audit,
832 1048 868 1106 ob
900 1048 1023 1108 deorum
1055 1050 1317 1122 contemptumne

258 1138 428 1196 Mezentius.
466 1140 650 1212 quapropter
671 1138 759 1195 facile
783 1137 934 1213 intellego,
956 1137 1044 1196 hasce
1067 1136 1095 1194 ei
1117 1139 1165 1196 tot
1186 1136 1272 1194 initi-

260 1245 345 1285 orum
368 1225 602 1285 enumerationes
626 1244 719 1302 nugas
747 1225 859 1300 uideri,
889 1229 919 1284 et
947 1227 1048 1284 forsan
1070 1244 1108 1283 ne
1131 1224 1170 1283 ob
1191 1225 1273 1283 hano

259 1315 356 1374 diuini
379 1314 596 1374 contumaciam
618 1333 677 1373 non
705 1314 828 1373 inducat
856 1315 888 1372 in
918 1316 1050 1372 animum
1076 1333 1183 1373 uerum
1206 1331 1312 1373 esse1o

260 1404 338 1478 quod
357 1403 428 1477 dixi,
450 1422 497 1460 me
521 1402 705 1461 sanctissime
728 1405 775 1461 tot
797 1421 948 1462 sacrorum
971 1403 1056 1481 signa
1074 1407 1105 1462 et
1124 1420 1272 1462 memora·

260 1493 329 1551 cula
351 1491 508 1550 custodire.
554 1491 605 1549 sed
628 1511 697 1568 ego,
727 1491 799 1566 qnid
826 1491 862 1550 de
891 1511 938 1550 me
961 1492 1123 1551 Mezentius
1148 1491 1271 1565 sentiat,
1284 1506 1317 1557 (ss

259 1599 381 1638 manum
403 1599 462 1639 non
485 1580 643 1654 uorterim,
667 1580 772 1638 ceteris
796 1583 895 1638 autem
919 1581 1082 1640 clarissima
1106 1599 1179 1638 uoce
1201 1597 1272 1655 pro·

259 1669 357 1727 fiteor:
394 1669 420 1726 si
443 1667 496 1742 qui
519 1670 595 1727 forte
619 1669 703 1727 adest
726 1667 884 1726 eorundem
907 1670 1083 1728 solemnium
1105 1669 1179 1726 mihi
1200 1687 1272 1743 par-

260 1757 368 1832 ticeps,
398 1757 515 1833 signum
538 1757 622 1832 dato,
652 1760 682 1816 et
705 1757 809 1817 audias
831 1757 902 1816 licet
930 1777 1005 1834 qnae
1029 1778 1083 1834 ego
1106 1759 1272 1817 adseruem.
1287 1779 1311 1818 rs

261 1866 331 1904 nam
354 1846 489 1921 equidem
512 1847 595 1905 nullo
617 1865 751 1921 unquam
772 1847 904 1921 periculo
927 1848 1101 1922 compellar,
1125 1865 1202 1922 quae
1226 1865 1274 1904 re-

262 1935 379 1994 ticenda
403 1935 511 2011 accepi,
534 1936 607 1994 haec
630 1936 667 1993 ad
689 1936 830 2011 profanos
854 1936 1015 1994 enuntiare.

176 2027 247 2085 ΝΠ
327 2024 369 2083 Vt
390 2028 481 2101 pute,
510 2025 654 2099 Maxime,
683 2027 756 2084 satis
779 2024 883 2084 uideor
908 2025 1000 2083 cuiuis
1023 2024 1072 2083 uel
1094 2023 1273 2098 inquissimo

262 2114 393 2173 animum
417 2114 555 2190 explesse,
579 2117 609 2173 et
633 2113 713 2190 quod
736 2113 775 2173 ad
797 2113 949 2173 sudarium
971 2114 1129 2189 pertineat,
1152 2128 1317 2181 omnemne

261 2204 392 2263 oriminis
423 2204 571 2262 maculam
601 2203 770 2277 detersisse,
802 2222 836 2262 ac
865 2204 942 2263 bono
974 2204 1034 2261 iam
1066 2203 1197 2278 periculo
1231 2201 1313 2263 adeo

261 2292 466 2352 testimonium
487 2291 565 2349 illud
589 2291 702 2366 Crassi,
732 2292 812 2366 quod
842 2295 910 2366 post
936 2292 995 2351 ista
1019 2292 1104 2367 quasi
1127 2290 1272 2368 grauissi-

262 2401 343 2438 mum
365 2382 515 2456 legerunt,
547 2398 565 2437 a
588 2372 812 2461 sullspicionibus
835 2380 997 2439 Aemiliani
1018 2383 1271 2439 transcensnrsus.

262 2468 466 2526 testimonium
489 2487 524 2525 ex
547 2467 648 2525 libello
678 2468 739 2544 legi
768 2467 879 2527 audisti
908 2470 1026 2545 gumiae
1055 2468 1209 2527 cuiusdam
1240 2470 1274 2526 et

334 2659 349 2706 6
368 2652 403 2707 ef.
422 2669 487 2723 pag.
506 2658 593 2707 3215
613 2656 642 2707 et
659 2653 724 2707 Hor.
745 2653 802 2706 Sat.
822 2653 845 2706 ll
865 2660 888 2708 6.
900 2661 941 2710 20.

334 2723 451 2793 SVerg.
470 2724 539 2777 Aen.
558 2723 609 2776 VH
628 2729 687 2777 647.

335 2889 349 2935 1
378 2882 504 2951 impertit
529 2884 627 2951 sore'pss¹
654 2883 749 2955 imptit
776 2884 797 2936 1⁴¹
825 2884 952 2954 impartit
979 2886 1031 2939 Kr.
1147 2891 1162 2937 2
1190 2884 1270 2938 locus

264 2958 314 3009 aut
345 2957 397 3009 Kr.
431 2971 491 3008 cam
522 2954 626 3007 canen
656 2956 772 3022 seclusit,
803 2957 850 3010 sed
880 2957 914 3023 cf.
947 2956 1060 3009 Florida
1094 2961 1152 3009 1.1
1198 2956 1202 3028 l
1242 2958 1273 3009 et

263 3028 347 3097 uulgo
365 3043 397 3080 ec
415 3025 436 3077 1⁴¹
454 3028 523 3093 etp
631 3031 647 3078 3
672 3028 779 3095 negant
809 3027 916 3081 uidisse
943 3043 973 3080 se
1003 3027 1051 3093 qui
1081 3026 1159 3081 fuere
1184 3043 1273 3079 unum

265 3098 366 3151 saltem
383 3096 515 3149 infinibus
534 3095 594 3165 ejus
614 3099 665 3150 ant
677 3096 801 3166 lapidem
816 3097 865 3165 Pp
879 3098 1048 3167 transposuit
1066 3098 1117 3153 Kr.
1192 3097 1272 3150 oad-

264 3171 416 3238 gnomenta
434 3167 502 3221 eil*
530 3168 791 3239 agnom,entaci,‹p
865 3174 880 3222 7
911 3168 997 3222 audit
1014 3167 1089 3222 obF
1117 3170 1273 3223 incasura

266 3241 494 3313 Hilarensi*
513 3258 555 3326 (in
572 3273 623 3327 mg.
642 3260 747 3327 mezen)
777 3259 781 3327 l
810 3255 984 3328 intellegor*
1050 3262 1082 3310 10
1106 3257 1224 3310 inducat
1241 3255 1273 3309 in

266 3328 390 3381 animum
407 3329 429 3381 F
448 3328 583 3394 inducatp
601 3328 725 3381 animum
743 3349 765 3398 φ
784 3328 901 3383 inducat
915 3328 1039 3382 animum
1053 3329 1105 3384 Kr.
1171 3334 1203 3381 12
1218 3344 1270 3399 my.

266 3399 287 3451 F
313 3400 392 3453 habet
417 3399 519 3454 molen
628 3404 660 3451 14
687 3399 864 3453 sollemnium
896 3421 917 3469 φ
1030 3404 1063 3452 15
1093 3398 1193 3452 audias
1221 3399 1271 3466 Pp

267 3529 300 3577 16
318 3497 423 3590 uquam
440 3523 461 3575 F
480 3472 545 3591 uni]⁴¹
565 3544 587 3592 φ
606 3533 683 3592 (corr.
702 3539 736 3577 es
752 3525 896 3593 umquam)
991 3530 1023 3577 17
1042 3523 1202 3593 prophanus
1222 3523 1270 3591 Pp

265 3666 315 3716 nso,
335 3646 456 3700 Phchet
476 3646 507 3699 fa
526 3664 612 3702 manu
629 3648 745 3717 antiquus
764 3666 765 3669 ¹
836 3652 869 3702 18
877 3608 1013 3701 liiranirne
1032 3668 1053 3714 φ
1071 3648 1162 3715 mol*
1182 3649 1273 3725 tutet

250 3717 288 3766 de
301 3716 466 3771 testimonio
526 3725 563 3772 22
577 3718 791 3791 suspicionibus
804 3719 856 3791 lq>
913 3725 949 3772 ‘28
970 3717 1087 3786 gumiae
1099 3716 1124 3765 ll
1146 3719 1253 3779 nuum
1265 3733 1288 3776 <s

639 3949 673 3979 A
769 3951 814 3979 h..
