3042 4300
288 392 328 455 76
481 442 486 453 ,
561 393 591 444 a.
611 391 742 445 ervum
760 356 1019 445 ninivensem

192 504 271 617 iiii.
284 501 436 618 idriiulum
459 561 558 634 potuit
585 555 588 637 l
616 555 725 636 ebria†
748 560 805 618 sibi
828 563 1008 635 temperare,
1030 563 1066 618 ut
1087 559 1165 618 banc
1191 497 1335 618 bernazai

288 648 382 706 sobrie
406 651 586 723 expectaret:
610 651 663 706 eut
684 650 784 723 potius
807 648 992 707 Aemilianus
1015 648 1051 707 de
1074 648 1198 708 consilio
1217 649 1293 722 fecit,

287 757 323 796 ne
347 756 414 796 eum
436 737 490 795 sub
518 741 582 795 tam
611 737 720 795 seueris
751 738 844 796 oeulis
873 737 933 796 tuis
964 738 1173 812 constitueret,
1195 756 1240 796 *ne
1262 739 1293 795 tu

287 826 405 884 beluam
426 827 511 884 illam
529 826 621 884 uulsis
640 825 768 884 maxillis
787 826 874 885 foedo
893 830 1014 901 aspectu
1033 825 1068 884 de
1087 826 1163 885 faeie
1186 827 1293 902 impio

286 915 380 988 hares,
403 934 470 973 cum
488 913 747 974 animaduertisses
772 918 861 989 caput
884 915 999 974 iuuenis
1022 915 1115 973 barba
1139 918 1170 973 et
1187 915 1324 990 capillos

270 1003 476 1079 'populatum
503 1003 649 1061 madentis
674 1005 782 1077 oculos,
806 1003 875 1062 cilia
898 1004 1062 1080 turgentia,
1090 1005 1199 1062 rictum
1230 999 1292 1081 <re-

286 1087 444 1169 etrictam>,
468 1092 597 1151 saliuosa
615 1091 704 1166 labia,
727 1111 831 1150 uocem
854 1092 1004 1167 absonam,
1027 1111 1170 1151 manuum
1187 1095 1293 1156 memo·

286 1201 357 1255 rem,
379 1185 480 1240 ructus
498 1180 650 1256 popinam.
686 1181 900 1255 patrimonium
923 1201 1009 1241 omne
1031 1180 1226 1257 iampridem
1244 1181 1292 1239 ab·

286 1270 450 1346 ligurriuit,
479 1288 533 1327 nec
563 1270 722 1344 quiequam
752 1270 779 1329 ei
810 1270 845 1328 de
875 1269 960 1329 bonis
990 1270 1123 1345 paternis
1153 1272 1293 1346 superest,

286 1359 345 1418 nisi
367 1378 426 1416 una
450 1358 553 1416 domus
578 1356 617 1415 ad
639 1358 817 1416 calumniam
841 1358 1066 1439 uenditandem,
1085 1376 1177 1434 quam
1193 1362 1336 1422 tamenta

287 1467 438 1522 nunquam
468 1447 565 1504 carius
595 1464 685 1521 quam
713 1447 745 1504 in
774 1447 829 1506 hoe
859 1448 1030 1507 testimonio
1060 1448 1181 1506 locauit.
1226 1466 1293 1506 nam
1304 1467 1324 1505 11

286 1536 481 1593 temulentum
495 1535 575 1593 istud
589 1535 775 1593 mendacium
788 1536 882 1594 tribus
896 1535 1016 1595 milibus
1030 1537 1158 1595 nummis
1172 1535 1292 1595 Aemili·

288 1643 344 1682 ano
368 1623 436 1682 huie
459 1623 602 1697 uendidit,
624 1624 713 1699 idque
736 1623 815 1683 Oeae
837 1624 948 1684 nemini
971 1626 1134 1702 ignoratur.
1302 1639 1336 1689 (ere

220 1712 272 1770 LX
352 1710 459 1770 Omnes
482 1712 546 1786 hoc,
570 1716 730 1787 antequam
752 1713 845 1788 fieret,
869 1715 1069 1792 cognouimus,
1092 1717 1123 1772 et
1140 1715 1227 1790 potui
1248 1713 1292 1773 de·

285 1802 472 1860 nuntiatione
495 1801 646 1877 impedire,
669 1801 727 1860 nisi
750 1803 855 1861 scirem
877 1802 1062 1862 mendacium
1084 1805 1148 1861 tam
1171 1803 1293 1862 stultum
1305 1821 1324 1862 re

285 1889 386 1965 potius
408 1890 576 1949 Aemiliano
600 1892 651 1966 qui
677 1892 789 1950 frustra
818 1891 997 1966 redimebat,
1028 1911 1118 1967 quam
1147 1891 1222 1950 mihi
1245 1891 1293 1968 qui

285 1980 391 2038 merito
429 1980 651 2039 contemnebam
686 1980 865 2038 obfuturum.
918 1981 1000 2039 uolui
1033 1984 1063 2038 et
1094 1980 1293 2039 Aemilianum

287 2069 394 2127 damno
418 2069 504 2128 adfici
527 2071 558 2128 et
582 2068 719 2128 Crassum
737 2069 900 2127 testimonii
919 2071 966 2128 sui
983 2069 1124 2128 dedecore
1144 2069 1293 2144 prostitui.

284 2161 413 2216 ceterum
435 2159 650 2219 nudiustertius
678 2159 909 2233 haudquaquam
941 2159 1056 2217 occulta
1084 2178 1131 2217 res
1159 2162 1228 2220 acta
1251 2161 1294 2217 est

284 2246 315 2304 in
337 2246 438 2305 Rufini
462 2248 614 2306 cuiusdam
638 2247 736 2322 domo,
759 2247 796 2305 de
819 2266 877 2322 quo
900 2266 968 2306 mox
991 2247 1100 2321 dicam,
1123 2248 1325 2307 intercessu-ro

284 2335 365 2393 ribus
389 2338 419 2393 et
442 2334 644 2410 depectoribus
674 2336 739 2409 ipso
763 2335 870 2393 Rufino
902 2339 931 2394 et
958 2334 1167 2411 Calpurniano.
1215 2334 1294 2411 quod

285 2441 318 2478 eo
340 2423 480 2480 libentius
503 2423 626 2479 Rufinus
648 2422 782 2496 perfecit,
806 2424 884 2497 quod
908 2427 971 2482 erat
994 2427 1090 2482 certus
1114 2423 1152 2482 ad
1170 2439 1336 2487 uxorema-⁷1

285 2526 382 2580 suam,
407 2511 490 2566 cuius
514 2511 616 2583 stupra
640 2510 734 2567 sciens
763 2510 942 2585 dissimulat,
969 2530 1028 2569 non
1051 2512 1206 2569 minimam
1228 2532 1293 2587 par·

284 2597 345 2651 tem
375 2595 501 2668 praemii
533 2597 596 2654 eius
627 2595 763 2655 Crassum
794 2599 967 2656 relaturum.
1013 2599 1075 2656 uidi
1106 2601 1136 2657 te
1169 2618 1294 2675 quoque,

358 2804 371 2849 1
392 2796 470 2851 ebria
491 2798 542 2866 Fp
560 2798 675 2864 fortasse
697 2802 754 2866 fcit
777 2800 904 2855 ebriacus
924 2803 958 2867 cs.
983 2801 1089 2856 Charis.
1113 2803 1186 2856 lea.
1199 2808 1233 2857 16
1251 2804 1293 2871 K,

283 2868 399 2921 Nonius.
421 2872 472 2921 108
491 2868 537 2935 M,
557 2868 588 2921 A.
604 2869 623 2924 f.
638 2870 667 2922 L.
683 2871 712 2923 L.
732 2871 758 2923 Π
777 2876 827 2925 276
848 2872 945 2925 ebria
964 2872 1043 2926 Hild.
1062 2871 1125 2925 bria
1144 2874 1196 2929 Kr.
1215 2876 1292 2944 tepe-

284 2939 382 2993 rareF
437 2945 452 2991 2
468 2939 559 2993 sobrie
570 2940 638 3052 Fptl
656 2943 874 3011 expectaretb'rp
891 2945 895 3013 Ι
912 2958 948 2995 au
967 2964 987 3011 φ
1051 2943 1268 3014 4baluame¹
1287 2946 1291 3016 l

284 3064 303 3115 d
321 3063 393 3118 facie
413 3084 434 3132 φ
489 3069 504 3116 5
525 3036 658 3146 cap,qu
713 3065 883 3118 bmadentis
894 3067 942 3135 Fp
959 3068 963 3137 Ι
979 3066 1080 3120 rictum
1090 3067 1293 3142 (restrictum)

283 3135 335 3188 Kr.
364 3152 425 3189 cam
448 3136 577 3189 Acidalio
599 3138 701 3188 netum
719 3135 908 3209 <diductum>
931 3137 1020 3205 Jahn,
1047 3140 1100 3193 alii
1122 3140 1181 3193 alio
1202 3142 1292 3209 suppl.

285 3210 299 3257 7
319 3204 442 3259 salibosa
460 3205 496 3258 1⁴¹¹
586 3211 601 3259 8
625 3208 720 3260 ructus
742 3205 877 3275 popinam
896 3209 1028 3264 Pricaeus
1046 3210 1089 3265 cll.
1110 3209 1163 3264 Cic.
1184 3211 1215 3264 ia
1234 3212 1292 3266 Pe.

285 3281 308 3327 6.
323 3282 354 3328 13
372 3280 454 3330 ructu
473 3276 582 3345 spinam
596 3277 645 3346 Fp
667 3278 670 3348 l
691 3275 929 3348 abligurriuitb'p
986 3285 1017 3333 11
1035 3298 1102 3334 num
1121 3280 1293 3351 chflbtlb
1334 3273 1336 3280 ¹

285 3368 318 3415 14
344 3366 451 3437 omnes]
469 3355 506 3419 ol
593 3370 625 3418 17
649 3364 881 3434 contempnebam
908 3389 929 3436 φ
1021 3374 1054 3423 18
1083 3371 1185 3424 damno
1208 3370 1293 3424 adfici

283 3435 366 3503 culpo
385 3436 488 3490 damna
506 3437 639 3506 (dampna
659 3439 691 3506 φ)
710 3435 740 3488 id
754 3436 840 3490 faciet
854 3436 984 3493 Crassum
997 3441 1046 3510 Fp
1068 3441 1163 3495 damni
1181 3441 1212 3495 id
1229 3442 1292 3510 pati

283 3558 378 3611 mace
433 3565 464 3613 19
479 3561 557 3614 haud
572 3538 665 3629 quali7
684 3560 719 3630 pl
735 3560 901 3632 occultan
914 3564 1023 3619 occulto
1032 3566 1083 3619 Kr.
1092 3583 1151 3619 eam
1173 3565 1292 3622 Caecub.

284 3634 316 3682 21
338 3628 532 3697 depeotoribus
552 3633 690 3688 Kroocob.
710 3632 745 3715 σῇ
761 3637 812 3685 550
828 3632 858 3687 0.
873 3653 900 3703 p.
916 3641 957 3688 85.
969 3642 985 3688 2
995 3635 1041 3688 ΚΥ.
1063 3637 1292 3704 deprecatoribus

258 3749 313 3816 Γφ
323 3752 340 3817 s
349 3751 487 3819 Enpbino
507 3776 531 3825 φ
608 3764 641 3813 24
659 3716 783 3829 p'mihl*
802 3759 893 3830 p'mij
914 3780 936 3829 φ
