3042 4300
654 402 837 458 APOLOGIA
1187 403 1250 468 123

196 512 291 554 caune
1175 512 1190 552 1.
1206 511 1266 554 res..
1280 510 1296 552 1.
1310 513 1331 553 a

236 573 343 648 dictet,
375 573 452 632 iram
482 573 545 632 eius
574 572 711 632 deliniat:
744 574 796 649 qui
827 572 926 650 potuit
957 591 1108 649 perorare,
1139 573 1251 649 poterit

237 680 368 722 exorare.
403 662 478 721 mihi
500 663 562 721 iam
585 660 697 720 dudum
719 663 793 722 satis
817 664 870 736 est,
893 662 920 721 si
942 680 1002 721 non
1020 660 1107 721 modo
1126 662 1250 721 erimina

237 752 354 812 obiecta
384 751 556 827 plenissime
593 750 682 826 dilui,
718 770 822 810 uerum
858 751 950 810 etiarn
985 749 1115 810 radicem
1145 750 1250 809 iudicii

236 840 339 915 huius,
379 838 411 898 id
447 842 493 900 est
528 839 703 900 hereditatis
740 841 892 916 quaesitae
932 838 1079 898 inuidiam
1114 838 1250 900 funditus

210 929 352 990 eaustuli.

300 1017 382 1077 Illud
405 1018 509 1093 etiam,
536 1037 573 1076 ne
597 1018 669 1094 quid
697 1020 829 1077 omnium
852 1019 1049 1095 praeteream,
1075 1017 1251 1093 priusquam

233 1126 354 1183 peroro,
390 1107 467 1166 falso
505 1107 653 1166 obiectum
682 1109 840 1166 reuincam.
895 1105 1027 1182 dixistis,
1062 1125 1109 1165 me
1141 1124 1250 1183 magma

234 1197 363 1273 pecunia
400 1196 534 1255 mulieris
571 1196 803 1272 pulcherrimum
838 1195 994 1272 praedium
1028 1214 1094 1254 meo
1131 1196 1249 1254 nomine

235 1287 349 1346 emisse.
404 1283 483 1360 dico,
520 1285 660 1363 exiguum
694 1284 879 1344 herediolum
904 1279 915 1363 ΙΙ
941 1285 1097 1362 sexaginta
1127 1284 1248 1344 milibus
1263 1300 1278 1341 1.
1293 1302 1331 1342 res

194 1396 220 1437 rc
233 1395 390 1435 nummum
411 1368 588 1453 (emptam),
610 1375 643 1433 id
666 1393 784 1450 quoque
806 1393 866 1433 non
888 1393 950 1449 me,
975 1373 1026 1433 sed
1047 1372 1250 1432 Pudentillam

233 1483 287 1524 suo
319 1463 439 1523 nomine
472 1463 586 1539 emisse,
617 1462 807 1522 Pudentillae
838 1482 946 1522 nomen
972 1463 1005 1521 in
1035 1463 1145 1522 tabulis
1178 1481 1249 1537 esse,

233 1552 423 1612 Pudentillae
441 1553 560 1611 nomine
578 1572 632 1629 pro
652 1570 686 1612 eo
706 1553 803 1630 agello
826 1552 974 1612 tributum
992 1551 1128 1629 dependi.
1163 1570 1248 1627 prae-

234 1661 302 1702 sens
325 1644 371 1702 est
398 1644 538 1717 quaestor
559 1641 712 1718 publicus,
743 1642 792 1701 cui
815 1642 977 1718 depensum
1000 1644 1061 1716 est,
1093 1640 1248 1701 Coruinius

193 1730 330 1804 nlleler,
352 1731 399 1788 uir
422 1734 559 1790 ornatus:
582 1730 667 1790 adest
689 1732 782 1790 etiam
803 1732 886 1790 tutor
910 1734 1013 1790 auctor
1034 1731 1177 1806 mulieris,
1200 1731 1248 1789 uir

193 1840 219 1885 19
232 1819 428 1898 grauissimus
453 1822 483 1878 et
505 1819 719 1894 sanctissimus,
742 1820 824 1879 omni
847 1839 914 1878 cum
931 1819 1042 1879 honore
1060 1819 1135 1878 mihi
1152 1819 1247 1878 nomi-

187 1926 218 1978 11)
231 1909 357 1983 naudus,
377 1907 495 1969 Cassius
509 1907 671 1986 Longinus.
699 1927 817 1984 quaere,
834 1909 971 1982 Maxime,
991 1909 1073 1967 cuius
1088 1909 1247 1984 emptionis

233 2001 337 2058 auctor
367 1997 472 2072 fuerit,
509 1997 653 2073 quantulo
684 1998 782 2072 pretio
814 1997 921 2056 mulier
952 1997 1084 2073 locuples
1117 1997 1247 2073 agellum

233 2106 321 2149 suum
343 2087 544 2165 praestinarit.

299 2172 518 2257 [testimonium
551 2174 634 2235 (lassi
664 2175 794 2253 Longini
824 2177 933 2235 tutoris
964 2178 994 2235 et
1027 2173 1148 2234 Coruini
1183 2173 1246 2234 Gle-

192 2288 218 2333 ao
232 2267 342 2326 mentis
363 2259 436 2344 qk]

300 2355 462 2415 Estneita
492 2356 527 2412 ut
556 2351 637 2411 dixi?
667 2354 785 2428 uspiam
813 2354 845 2412 in
874 2354 931 2412 hac
960 2354 1109 2431 emptione
1139 2372 1247 2413 nomen

231 2463 331 2504 meum
354 2444 517 2519 ascriptum
544 2440 609 2501 est?
654 2462 726 2500 nurn
752 2443 852 2518 ipsum
878 2442 1022 2502 heredioli
1048 2443 1179 2519 pretium
1201 2443 1245 2501 in-

232 2534 383 2593 uidiosum
406 2535 460 2606 est,
482 2551 555 2590 num
576 2532 626 2590 uel
647 2531 703 2590 hoc
726 2532 833 2591 saltem
855 2533 888 2590 in
910 2551 956 2591 me
981 2530 1143 2591 collatum?

230 2774 342 2829 litteras
360 2773 445 2827 matri
463 2771 552 2825 dictet
570 2774 588 2826 i.
608 2788 629 2826 e.
647 2773 736 2839 faciat
753 2773 826 2841 quael
844 2788 891 2844 epo
909 2773 963 2839 feci
980 2778 1005 2827 et
1023 2772 1081 2841 ipse
1094 2773 1246 2828 testamenti

229 2847 316 2901 uerba
335 2848 379 2917 (=
399 2843 592 2898 acerbissimas
611 2842 731 2911 litteras)
754 2844 838 2899 matra'
867 2844 954 2898 elletet.
992 2843 1128 2913 Apuleiae
1156 2850 1246 2898 autem

229 2918 341 2973 tabulas
367 2915 519 2971 testamenti
545 2920 609 2969 cate
631 2915 714 2983 perles
740 2915 842 2969 iudicis
869 2915 1009 2969 abmeerat.
1048 2914 1168 2970 metra
1187 2915 1246 2969 atri

229 2988 304 3113 paleati
327 2988 392 3111 hapa
416 2986 592 3041 crediderumt
615 2991 760 3055 corrupta;
784 2992 847 3055 post
871 2985 960 3040 dictet
983 2985 1035 3039 Kr.
1055 2985 1172 3040 imerm't
1190 2984 1242 3056 etl

253 3062 342 3114 tteras

1228 3140 1240 3181 9

303 3190 319 3237 6
337 3170 371 3252 pt
390 3198 454 3236 eum
472 3181 521 3250 Pp
605 3185 743 3250 lmagna
761 3180 845 3237 Salm.
864 3180 961 3251 magia
978 3180 1027 3249 Prp
1106 3185 1139 3233 10
1157 3139 1245 3233 ndmu

229 3255 253 3309 1²
271 3254 365 3308 m'nnis
384 3276 405 3323 φ
422 3257 426 3322 Ι
442 3250 612 3327 (emptum)
631 3252 736 3307 truserat
827 3258 860 3305 13
884 3250 1030 3307 Coruinius
1048 3251 1070 3303 F
1095 3254 1160 3323 (moa
1180 3248 1244 3305 Cor-

229 3325 325 3393 uinus)
404 3330 437 3378 14
464 3327 497 3377 tu
524 3326 640 3391 tutorrp
668 3324 701 3377 lm
727 3340 778 3394 my.
802 3323 824 3377 P
852 3326 924 3378 emim
946 3340 980 3377 m.
1001 3340 1029 3392 p.
1053 3321 1100 3377 sed
1127 3322 1245 3391 antiqua

229 3398 342 3465 scripsit
359 3414 403 3462 eu,
421 3401 452 3450 at
469 3396 616 3463 explicaret
634 3400 738 3450 tractae
752 3395 860 3463 primae
877 3395 999 3465 syllabae
1016 3393 1146 3448 accaball
1167 3395 1245 3447 tutor

229 3469 330 3523 litter-ie
346 3466 565 3538 Loapobardicia
582 3466 706 3537 exarati:
723 3482 755 3520 ea
774 3467 919 3534 emplicate'o
937 3466 1050 3520 mamili
1067 3465 1099 3518 im
1117 3484 1156 3534 φ,·
1173 3466 1245 3519 idem

227 3575 335 3641 famae
352 3579 391 3628 at
407 3591 435 3643 p.
452 3576 548 3639 19111,
567 3576 635 3626 991
656 3576 689 3625 11
707 3577 733 3627 a
750 3576 784 3624 11
803 3571 850 3625 Kr.
870 3559 926 3641 fiu-
944 3571 993 3640 ua
1054 3576 1086 3625 19
1102 3568 1180 3625 Cassi
1193 3571 1243 3642 Fe

230 3644 458 3717 [testimonium]
477 3642 564 3697 Estne
587 3643 700 3698 melma
716 3642 879 3711 Acadalim5
903 3644 1003 3715 siglam
1024 3642 1073 3710 ak
1093 3644 1147 3695 altt
1165 3643 1244 3695 altar

228 3717 379 3784 expletam:
407 3713 578 3785 quaestoris,
606 3713 684 3785 quod
710 3714 871 3771 recitatum
895 3721 948 3771 cet.
976 3712 1115 3768 Fortasse
1144 3709 1274 3760 tantam:

220 3786 299 3851 quod
313 3786 471 3854 requiritur
545 3795 581 3846 22
602 3789 770 3863 ascriptum
784 3789 840 3862 Pa
861 3789 907 3861 tim
918 3807 951 3857 a
970 3799 1058 3843 erosa
1075 3785 1117 3834 est
1133 3776 1170 3837 QX
