3042 4300
650 386 833 442 APOLOGIA
1206 388 1249 454 59

187 498 288 538 ludend.
1174 499 1189 538 f.
1204 501 1263 540 1142.
1278 500 1292 538 ι’.
1309 501 1331 539 ll

232 562 298 619 scis.
346 577 421 633 quae
445 557 505 616 alia
529 559 574 616 est
604 556 769 615 euidentior
796 555 965 615 calumnia?
1012 560 1248 632 quattuordecim

233 650 313 708 serui
342 649 440 722 petitu
468 649 522 705 tuo
553 645 675 718 adsunt,
708 664 757 705 eos
788 646 970 720 dissimulas3
1002 665 1077 706 unus
1106 650 1247 724 puerulus

232 739 333 812 abest,
365 756 431 795 eurn
463 736 626 794 insimulas.
680 738 830 810 postremo
862 737 937 810 puta
964 735 1103 794 Thallum
1138 738 1247 797 adesse.

232 828 304 901 quid
325 823 393 886 uis?
416 826 462 883 uis
485 824 620 900 probare,
643 843 710 883 eum
727 826 883 899 praesente
901 843 948 882 me
966 824 1140 884 concidisse:
1168 827 1247 885 ultro

204 915 383 976 sconfitsor.
428 915 557 972 carmine
579 913 611 972 id
634 915 748 972 factum
770 913 857 972 dicis:
889 913 944 972 hoc
967 932 1040 988 puer
1063 916 1170 989 nescit,
1193 935 1247 992 ego

232 1025 292 1064 non
315 1007 428 1063 factum
451 1004 584 1077 reuinoO,
613 1022 685 1062 nam
716 1002 859 1061 caducum
887 1021 949 1061 esse
977 1022 1102 1078 puerum
1131 1023 1184 1063 neo
1213 1007 1248 1063 tu

234 1094 356 1153 audebis
388 1112 506 1169 negare,
551 1110 603 1150 our
635 1110 705 1168 ergo
737 1093 862 1150 carmini
894 1092 994 1167 potius
1028 1111 1116 1166 quam
1145 1093 1248 1152 morbo

234 1184 417 1242 attribuatur
440 1184 502 1240 sius
525 1178 632 1240 ruina?
663 1200 701 1238 an
732 1181 849 1239 euenire
879 1199 938 1239 non
967 1182 1080 1257 potuit,
1110 1184 1145 1240 ut
1171 1183 1248 1241 forts

187 1289 225 1328 ss.
233 1274 390 1348 praesente
409 1290 455 1330 me
470 1269 549 1329 idem
561 1272 724 1347 pateretur,
743 1269 828 1344 quod
841 1288 929 1344 saepe
948 1271 1023 1329 alias
1042 1271 1145 1329 multis
1163 1291 1247 1347 prae·

187 1377 219 1428 ιι)
233 1359 386 1421 sentibus?
410 1360 490 1435 quod
513 1361 539 1418 si
560 1379 702 1436 magnum
714 1361 852 1434 putarem
871 1359 1014 1418 caducum
1032 1359 1153 1434 deicere,
1177 1361 1248 1435 quid

194 1474 218 1511 11
234 1469 307 1527 opus
332 1450 460 1509 carmine
483 1449 557 1520 fuit,
586 1467 653 1507 oum
675 1450 811 1507 incensus
835 1450 959 1525 gagates
982 1449 1075 1524 lapis,
1105 1452 1139 1508 ut
1169 1449 1249 1525 apud

232 1541 371 1616 physicos
394 1538 477 1615 lego,
505 1537 627 1612 pulchre
658 1542 689 1596 et
717 1537 805 1596 facile
834 1537 914 1595 hunc
942 1539 1078 1597 morbum
1108 1539 1249 1614 exploret,

232 1631 316 1688 cuius
340 1628 443 1687 odores
467 1628 558 1685 etiam
580 1629 611 1684 in
623 1627 788 1696 uenaliciis
811 1626 903 1704 uulgo
922 1627 1083 1686 sanitatem
1102 1630 1154 1686 aut
1171 1647 1248 1687 mor-

232 1719 304 1778 bum
326 1718 478 1776 uenalium
506 1714 715 1792 experiamur?
746 1717 838 1774 etiam
867 1717 947 1775 orbis
971 1736 989 1774 a
1012 1716 1103 1794 figulo
1127 1719 1248 1777 circum-

192 1810 318 1868 reactus
337 1826 396 1865 non
415 1804 535 1864 difficile
554 1805 685 1864 eiusdem
703 1805 885 1864 ualetudinis
907 1805 1057 1864 hominem
1074 1800 1084 1883 ΙΙ
1102 1807 1248 1883 uertigine

233 1899 281 1956 sui
292 1897 423 1971 corripit.
446 1897 491 1953 ita
505 1895 706 1971 spectaculum
719 1896 878 1953 rotationis
895 1895 957 1952 eius
975 1896 1107 1953 animum
1117 1897 1249 1954 saucium

233 1986 384 2059 debilitat,
413 2004 446 2043 ac
469 1985 563 2043 multo
588 1985 656 2060 plus
680 1983 718 2041 ad
740 1982 866 2042 caducos
889 1982 1117 2041 consternendos
1140 1983 1248 2059 figulus

233 2077 317 2133 ualet
340 2093 429 2150 quam
452 2092 565 2152 magus.
601 2075 637 2130 tu
658 2074 772 2131 frustra
794 2071 964 2149 postulasti,
986 2073 1021 2129 ut
1044 2089 1144 2130 seruos
1169 2073 1247 2130 exhi-

233 2166 347 2224 berem:
377 2183 432 2242 ego
460 2182 520 2222 non
544 2162 580 2221 dc
608 2162 701 2221 nihilo
723 2163 857 2238 postulo,
886 2163 921 2219 ut
950 2162 1097 2235 nomines,
1127 2162 1249 2236 quinam

191 2258 325 2315 actestes
350 2253 419 2311 huie
447 2253 594 2327 piaculari
624 2270 706 2311 sacro
737 2250 903 2324 adfuerint,
933 2269 999 2309 cum
1030 2269 1084 2327 ego
1113 2254 1248 2309 ruentem

233 2344 374 2401 Thallum
405 2343 596 2417 impellerem
642 2360 734 2399 unum
764 2341 896 2399 omnium
926 2340 1061 2413 nominas
1091 2341 1247 2414 pucrulum

231 2433 319 2491 illum
343 2431 486 2490 Sicinium
508 2430 688 2504 Pudentem,
718 2430 800 2488 cuius
830 2448 876 2488 me
906 2430 1024 2487 nomina
1048 2447 1176 2488 accusas.
1222 2430 1247 2488 is

234 2522 314 2580 enim
337 2520 466 2579 adfuisse
494 2540 525 2580 sa
555 2520 642 2579 dicit:
678 2520 761 2578 errius
790 2520 921 2594 pucritia
950 2520 1008 2577 etsi
1037 2518 1112 2576 nihil
1143 2518 1181 2577 ad
1203 2539 1247 2577 re-

234 2611 379 2687 ligionem
413 2611 630 2687 refragaretur,
669 2613 771 2667 tamen
808 2609 957 2667 accusatio
993 2607 1081 2665 fidem
1118 2608 1246 2684 deroget.

308 2785 341 2832 10
359 2778 431 2834 Pliu.
450 2781 508 2834 nat.
527 2779 593 2833 hist.
612 2777 728 2832 XXXVI
747 2783 868 2846 19,142:
889 2778 1016 2847 (gagates
1030 2777 1115 2846 lapis)
1130 2777 1248 2845 depren-

360 2850 404 2905 dit
422 2850 561 2904 sontioum
578 2849 707 2904 morbum
726 2852 755 2903 et
772 2848 968 2918 uirginitatem
987 2847 1105 2903 suffitus

306 2998 320 3045 1
341 2992 502 3061 calumpnia
521 3014 543 3062 φ
559 2995 563 3061 Ι
580 2995 635 3048 ΧΙΙΙΙ
649 2992 699 3060 Pp
714 2992 768 3075 (hio
787 2993 860 3046 abest
876 2989 1017 3060 66966663)
1073 2995 1088 3041 3
1107 2991 1247 3071 postremo

233 3063 373 3133 putsTh.
411 3064 517 3119 adesse.
537 3063 686 3130 quiduis?
708 3063 807 3131 scripsi
824 3064 978 3131 postremo,
1002 3060 1071 3127 quid
1094 3060 1156 3113 uis?
1178 3063 1248 3128 puta

235 3134 285 3188 Th
306 3135 351 3188 ad
370 3136 455 3204 culpo
473 3152 534 3188 cum
552 3136 621 3201 cdd,
639 3152 691 3205 mp.
710 3133 843 3187 Tbabet:
860 3130 965 3185 thallu³
1017 3137 1113 3186 tuam
1127 3130 1248 3185 Boaacba

234 3259 403 3327 numTucf.
414 3263 455 3312 76.
468 3264 500 3311 10
510 3274 585 3311 nunc
595 3259 647 3312 Kr
687 3263 719 3310 10
728 3257 1048 3327 magnumeagum
1060 3254 1247 3379 ldeicerer

236 3336 268 3382 12
293 3329 417 3399 phisicos
442 3329 492 3397 Frp
602 3334 635 3382 13
662 3328 761 3382 odores
787 3328 808 3380 T
835 3328 919 3382 odore
944 3329 996 3381 Kr.
1027 3331 1030 3396 Ι
1060 3325 1247 3380 uenaliciisF

234 3414 435 3525 uenaliprJQ
509 3458 542 3506 15
557 3453 730 3507 ualetudinis
749 3452 771 3504 F
790 3451 997 3519 ualitudinistp
1073 3456 1105 3504 16
1121 3451 1247 3522 corripit]

235 3578 363 3648 coarguit
385 3580 525 3632 Woweraa
589 3583 621 3630 17
641 3578 759 3631 caduco·
760 3576 827 3631 sal*
895 3580 929 3628 20
943 3574 1092 3657 adfuerint
1110 3577 1132 3629 T
1151 3576 1247 3643 adfue-

216 3650 292 3704 ¹rint
310 3670 332 3718 φ
436 3656 468 3702 21
488 3649 637 3717 puerulum
655 3648 778 3703 thallum
797 3648 882 3701 illum
901 3645 1041 3699 sicinium
1056 3634 1226 3715 pudentem
1240 3663 1265 3703 <s

227 3778 262 3823 23
278 3772 405 3827 adfluere
423 3774 449 3827 F
466 3774 586 3832 affuisse
607 3800 629 3850 φ
651 3781 657 3849 Ι
683 3723 879 3851 religionemll
963 3776 1007 3825 ‘ht
1023 3785 1061 3823 ce
1074 3760 1255 3828 sss-gueser
1271 3764 1310 3796 aa
