3042 4300
651 387 835 441 APOLOGIA
1209 389 1251 453 63

187 501 289 541 cusona.
1176 500 1192 538 r.
1206 499 1266 539 1141).
1281 499 1296 538 f.
1312 499 1339 538 aa

234 565 267 620 et
289 558 410 619 difficile
434 562 486 618 est.
532 558 644 616 frustra
673 557 768 633 igitur
795 574 834 614 an
863 557 976 616 factum
1005 558 1045 617 sit
1076 560 1251 634 anquiritur,

235 649 315 725 quod
337 649 452 706 nullam
481 647 593 704 malam
622 664 741 704 causam
770 645 876 704 habuit
906 648 940 704 ut
969 646 1059 706 fieret.
1105 649 1149 707 ita
1178 649 1251 708 facti

233 759 302 798 reus
327 737 407 813 apud
428 737 539 795 bonum
566 735 694 794 iudicem
722 735 860 810 scrupulo
889 735 1071 809 quaestionis
1099 737 1251 811 liberata,

234 830 261 888 si
284 828 368 886 nulla
390 826 450 884 fuit
473 825 500 884 ei
523 823 601 884 ratio
623 823 773 899 peccandi.
819 843 897 883 nunc
921 824 1061 899 quoniam
1089 845 1184 901 neque
1207 828 1250 884 in·

207 915 389 978 acantataib
412 934 507 990 neque
531 915 697 989 postratam
723 913 878 970 mulierem
900 914 1115 989 probauerunt,
1144 917 1173 974 et
1197 935 1251 992 ego

234 1026 295 1066 non
310 1024 386 1082 nego
400 1003 498 1080 petitu
511 1002 650 1061 modicia
664 1020 711 1059 me
725 1003 899 1077 inspectam,
917 1003 1014 1061 dicam
1031 1002 1097 1078 tibi,
1116 1004 1251 1078 Maxime,

235 1115 288 1155 cur
311 1093 387 1152 illud
415 1093 450 1152 de
480 1092 596 1150 aurium
627 1091 740 1150 tinnitu
773 1091 964 1166 quaesierim,
996 1112 1056 1151 non
1087 1097 1151 1152 tam
1181 1113 1250 1168 pur·

236 1184 329 1262 gandi
352 1183 410 1241 mei
434 1182 532 1259 gratia
559 1181 591 1237 iu
619 1199 654 1238 ea
681 1199 726 1253 re,
759 1199 849 1254 quam
880 1183 914 1238 tu
946 1181 1007 1239 iam
1038 1182 1250 1256 praeiudicasti

235 1292 331 1348 neque
356 1273 459 1347 culpae
483 1289 578 1345 neque
609 1269 726 1326 crimini
754 1269 914 1344 confinem,
944 1290 1033 1345 quani
1063 1274 1156 1330 utne
1180 1272 1251 1346 quid

195 1385 221 1422 1o
236 1362 360 1439 dignum
380 1361 499 1419 auribus
517 1360 578 1418 tuis
598 1360 628 1416 et
647 1357 798 1416 doctrinae
811 1361 881 1416 tuae
896 1378 1059 1436 congruens
1074 1361 1250 1419 reticuerim.

187 1452 335 1520 codicem
358 1450 452 1527 igitur
474 1468 564 1524 quam
586 1447 759 1506 breuissime
782 1450 920 1522 potuero:
941 1444 944 1527 l
966 1449 1075 1508 etenim
1095 1450 1250 1509 admonen-

235 1541 290 1599 dus
315 1558 345 1598 es
369 1538 451 1613 mihi,
474 1557 533 1596 non
557 1536 712 1595 docendus.

303 1628 392 1686 Plato
414 1627 608 1703 philosophus
635 1624 667 1683 in
694 1624 747 1683 illo
776 1626 1013 1699 praeclarissimo
1037 1629 1159 1688 Timaeo
1187 1627 1339 1688 cae-XLI]

235 1718 305 1777 lesti
330 1716 458 1792 quadam
480 1715 620 1774 facundia
642 1715 815 1772 uniuersum
833 1715 976 1774 mundum
994 1718 1126 1776 molitur.
1158 1718 1251 1795 igitur

194 1829 221 1870 15
235 1810 397 1884 postquam
420 1805 456 1864 de
479 1805 575 1864 nostri
598 1823 715 1879 quoque
739 1803 830 1862 animi
861 1804 948 1864 trinis
971 1807 1170 1880 potestatibus
1193 1809 1250 1866 sol-

234 1896 393 1955 lertissime
411 1889 422 1973 ΙΙ
440 1894 578 1953 disseruit
601 1897 640 1967 et,
663 1913 715 1951 cur
738 1911 871 1967 quaeque
894 1894 1026 1952 membra
1045 1895 1129 1954 nobis
1149 1889 1251 1954 diuin'a
1265 1912 1281 1951 f.
1296 1912 1339 1952 rra

234 1984 426 2062 prouidentia
448 1983 594 2042 fabricata
617 1983 690 2056 sint,
715 1981 867 2056 aptissime
891 1981 1004 2056 docuit,
1033 2002 1151 2042 causam
1174 2004 1250 2042 mor-

233 2075 341 2134 borum
364 2074 496 2132 omnium
518 2072 667 2130 trifariam
689 2073 850 2146 percenset.
896 2071 1025 2145 primam
1048 2091 1167 2131 causam
1190 2074 1249 2147 pri·

234 2164 358 2223 mordiis
378 2164 508 2238 corporis
527 2161 680 2234 adtribuit,
704 2161 730 2219 si
748 2160 831 2235 ipsae
851 2162 1062 2219 elementorum
1081 2162 1250 2237 qualitates,

191 2278 222 2316 so
236 2253 330 2311 uuida
354 2255 384 2310 et
406 2252 525 2329 frigida,
548 2253 579 2310 et
600 2251 647 2308 his
671 2250 746 2307 duae
771 2249 913 2307 aduorsae
936 2269 995 2308 non
1020 2255 1196 2327 congruant,
1220 2253 1250 2310 id

236 2343 311 2401 adeo
335 2342 443 2415 euenit,
466 2360 533 2399 cum
557 2339 840 2416 quaepiam'earum
862 2338 949 2398 modo
974 2342 1096 2399 excessit
1116 2343 1167 2399 aut
1185 2342 1250 2400 loco

235 2431 424 2508 demigrauit.
461 2449 585 2505 sequens
604 2447 693 2487 causa
711 2427 881 2486 morborum
900 2428 978 2487 inest
996 2429 1027 2486 in
1046 2449 1147 2488 eorum
1166 2431 1251 2506 uitio,

236 2540 313 2596 qnae
336 2520 398 2577 iam
425 2523 560 2578 concreta
588 2539 623 2577 ex
655 2516 839 2591 simplicibus
873 2520 1026 2577 elementis
1059 2539 1118 2577 una
1150 2522 1251 2579 tamen

234 2610 333 2685 specie
358 2609 543 2682 coaluerunt,
573 2611 608 2666 ut
637 2611 682 2666 est
710 2607 863 2683 sanguinis
887 2608 998 2682 species
1023 2611 1053 2667 et
1075 2609 1197 2669 uisceris
1221 2613 1251 2669 et

189 2721 220 2762 aa
235 2698 297 2759 ossi
325 2701 356 2756 et
387 2697 547 2771 medullae,
580 2715 668 2773 porro
691 2696 746 2753 illa
775 2716 850 2772 quae
879 2716 913 2755 ex
940 2697 1020 2755 hisce
1051 2698 1250 2775 singularibus

187 2807 225 2846 ur.
234 2789 331 2845 mixta
355 2789 432 2845 sunt.
477 2787 567 2845 tertio
589 2788 622 2843 in
644 2803 766 2861 corpore
789 2789 994 2845 concrementa
1016 2788 1093 2844 uarii
1118 2788 1197 2847 fellis
1221 2791 1251 2846 et

233 2876 349 2935 turbidi
372 2875 494 2951 spiritus
514 2878 544 2934 et
561 2875 681 2953 pinguis
700 2876 831 2933 humoris
850 2875 1012 2933 nouissima
1031 2877 1250 2953 aegritudinum

309 3070 342 3117 13
362 3062 431 3116 cam.
451 3080 478 3131 p.
498 3067 612 3118 aa-ae.

309 3265 323 3311 1
344 3257 503 3325 anquiritur
520 3205 755 3326 thdriquiritur
774 3279 795 3327 φ
887 3263 919 3309 11
939 3260 1056 3325 potuero
1075 3257 1096 3309 F
1114 3259 1212 3325 potero
1223 3226 1248 3327 Ιφ

236 3338 270 3385 13
298 3328 396 3403 calesti
423 3330 445 3381 F
475 3334 478 3399 Ι
507 3329 630 3384 molitur.
671 3329 759 3399 igitur
784 3331 934 3398 postquam
961 3329 1100 3383 Rossbach
1126 3328 1249 3384 molitus.

234 3401 492 3514 igiturstpostquam
510 3402 559 3471 Ρφ
578 3400 693 3455 molitus
711 3403 863 3469 postquam
881 3400 933 3453 Kc.
1025 3405 1057 3452 16
1078 3399 1210 3454 disseruit
1228 3423 1249 3470 φ

235 3498 434 3597 disseiuiptjl'
521 3531 553 3577 17
572 3543 624 3596 mp.
644 3526 665 3577 F
683 3527 774 3580 habet:
801 3523 898 3577 morbi]
921 3521 1061 3577 comitiale
1148 3531 1181 3577 19
1201 3526 1249 3579 ad-

235 3596 338 3651 tribuit
356 3598 378 3652 F
397 3596 569 3665 attribuitep
661 3603 695 3650 20
713 3596 842 3649 uuidaF
867 3594 984 3647 humida
1011 3597 1092 3663 q(m
1108 3598 1142 3648 ia
1157 3600 1232 3660 rasa
1245 3598 1264 3658 's

234 3705 291 3759 hiis
309 3706 360 3774 Pp
381 3709 389 3773 l
413 3705 532 3759 aduersa
550 3704 573 3758 F
593 3704 683 3761 aduae
703 3726 725 3777 φ
800 3710 839 3759 Ἃ
855 3680 1027 3757 modalis.
1045 3720 1070 3767 a
1085 3696 1218 3748 modam
1230 3692 1296 3736 Ks-

228 3783 263 3828 25
278 3776 336 3828 ossi
347 3776 398 3846 Ρφ
413 3775 485 3831 ossis
500 3779 540 3833 ed.
564 3779 721 3839 Viamata
763 3784 804 3835 ‘zb
819 3770 1065 3834 concrematas
1084 3753 1319 3818 coaciam-‘saza
