3042 4300
298 435 360 499 168
571 436 601 490 L.
620 434 753 489 APVLEI
771 426 1029 488 MADAVRENSIS

192 545 205 584 r.
219 547 278 585 rear.
293 544 308 582 r.
325 544 371 583 reo.
1250 541 1292 580 ua.
1306 540 1343 581 ou«

296 601 513 676 desuescebant,
536 622 589 661 nec
612 622 710 661 omnes
734 605 801 679 pari
823 605 954 678 tempore
978 602 1109 678 elingues
1127 602 1305 678 magistrum

296 691 498 765 sectabantur,
522 690 573 776 secl
595 692 781 768 grauioribus
805 691 877 749 uiris
899 691 984 749 breui
1006 691 1104 766 spatio
1127 690 1201 750 satis
1225 689 1304 749 uide-

296 780 386 839 batur
407 780 598 839 taciturnitas
621 779 804 839 modificata:
832 779 1016 855 loquaciores
1040 780 1190 838 enimuero
1213 781 1305 838 ferme

296 870 328 926 in
357 868 590 944 quinquennium
617 870 701 928 uelut
728 869 815 928 exilio
848 868 929 926 uocis
961 868 1169 944 puniebantur.
1216 887 1305 943 porro

296 961 396 1016 noster
426 957 513 1015 Plato
545 958 620 1015 nihil
652 958 687 1015 ab
719 958 774 1016 hac
811 960 890 1016 secta
926 958 974 1016 uel
1008 957 1165 1032 paululum
1202 957 1305 1016 deuius
1331 975 1342 1015 5

294 1047 516 1122 pythagorissat
543 1047 574 1102 in
601 1046 750 1121 plurimis:
783 1065 875 1120 aeque
903 1049 933 1103 et
961 1047 1024 1120 ipse
1046 1040 1120 1123 (ut)
1143 1047 1175 1102 in
1198 1065 1306 1104 nomen

296 1137 358 1194 eius
382 1156 399 1192 a
421 1136 572 1210 magistris
595 1136 668 1193 meis
693 1135 857 1210 adoptarer,
880 1136 1038 1208 utrumque
1060 1133 1305 1193 meditationibus
1320 1148 1343 1198 (a

296 1224 470 1281 academicis
494 1223 597 1297 didici,
620 1227 663 1297 et,
686 1242 753 1281 eum
776 1223 854 1282 dicto
878 1241 951 1297 opus
975 1225 1032 1297 est,
1058 1224 1175 1298 inpigre
1200 1223 1307 1298 dicere,

297 1316 335 1386 et,
359 1330 425 1370 cum
448 1314 540 1370 tacito
563 1330 636 1387 opus
660 1316 713 1386 est,
736 1312 862 1370 libenter
884 1314 989 1370 tacere.
1027 1330 1084 1385 qua
1103 1311 1307 1370 moderatione

296 1401 398 1460 uideor
422 1402 458 1458 ab
482 1401 617 1458 omnibus
642 1401 701 1458 tuis
730 1400 960 1459 antecessoribus
990 1399 1069 1457 haud
1097 1401 1197 1459 minus
1221 1420 1307 1475 opor·
1321 1419 1343 1458 1o

296 1491 361 1547 tuni
385 1490 496 1547 silentii
518 1488 636 1546 laudem
660 1509 748 1564 quam
776 1490 969 1564 tempestiuae
993 1490 1073 1547 uocis
1099 1490 1309 1547 testimonium

298 1581 478 1636 consecutus.

206 1843 278 1900 XVI
364 1842 540 1917 Priusquam
576 1842 660 1900 uobis
702 1843 858 1918 occipiam‚
898 1844 1045 1918 principes
1081 1842 1202 1901 Africae
1239 1845 1306 1918 uiri,
1314 1858 1343 1904 n:

297 1933 407 2008 gratias
432 1951 517 2006 agere
541 1932 577 1989 ob
601 1934 744 2005 statuam,
775 1951 864 2006 quam
885 1931 959 1989 mihi
980 1926 991 2009 ΙΙ
1011 1932 1161 2006 praesenti
1184 1932 1306 1991 honeste

295 2020 469 2096 postulastis
493 2023 523 2077 et
546 2020 660 2077 absenti
681 2020 806 2095 benigne
834 2018 1018 2097 decreuistis,
1048 2021 1131 2094 prius
1150 2022 1220 2080 uolo
1239 2037 1342 2078 cau-1⁵

296 2128 360 2169 sam
382 2109 466 2168 uobis
491 2108 632 2185 allegare,
661 2127 712 2166 cur
735 2108 866 2184 aliquam
888 2109 997 2168 multos
1020 2108 1081 2167 dies
1106 2128 1123 2166 a
1147 2113 1307 2185 conspectu

297 2198 437 2256 auditorii
467 2199 591 2255 afuerim
619 2198 850 2272 contulerimque
878 2217 924 2256 me
953 2196 989 2255 ad
1018 2197 1174 2256 Persianas
1204 2210 1343 2273 aquaaltr

297 2288 466 2363 gratissima
487 2306 608 2362 prorsus
631 2290 662 2345 et
684 2287 763 2345 sanis
785 2287 926 2344 natabula
950 2289 980 2344 et
998 2287 1093 2362 aegris
1110 2287 1305 2345 medicabula.

298 2377 407 2450 quippe
430 2376 474 2432 ita
501 2376 618 2433 institui
648 2395 732 2433 omne
763 2377 843 2433 uitae
872 2394 954 2433 meae
984 2378 1099 2450 tempus
1130 2376 1215 2435 uobis
1238 2396 1304 2451 pro-

296 2464 380 2536 bare,
413 2463 519 2537 quibus
546 2483 593 2521 me
624 2466 656 2521 in
687 2466 863 2539 perpetuum
894 2464 1017 2522 firmiter
1048 2462 1197 2522 dedicaui:
1229 2466 1303 2522 nihil
1316 2481 1338 2520 ao

297 2555 428 2625 tantum,
455 2552 530 2608 nihil
558 2554 707 2610 tantulum
734 2553 855 2626 faciam,
883 2552 954 2627 quin
983 2554 1044 2611 eius
1067 2571 1120 2610 uos
1145 2556 1175 2610 et
1197 2572 1303 2630 gnaros

369 2795 401 2842 13
420 2789 535 2843 Tertull.
562 2791 597 2843 de
624 2790 693 2844 Pall.
720 2792 776 2844 11.
804 2791 944 2860 principes
972 2806 1080 2859 semper
1107 2790 1222 2845 Africae
1249 2791 1302 2844 uiri

423 2859 674 2929 Carthaginienses.

369 3097 382 3143 1
402 3091 524 3166 ⁰lingues
542 3091 563 3142 F
654 3098 669 3144 2
689 3092 768 3145 breui
786 3092 835 3160 Frp
861 3091 956 3144 bienni
982 3092 1034 3146 Kr.
1054 3108 1115 3145 cum
1133 3093 1241 3147 Braulz
1261 3094 1300 3147 cll.

201 3197 203 3201 -
297 3162 366 3216 Gell.
386 3163 398 3214 I
417 3167 469 3215 9.4
547 3162 824 3231 4quinqueniumrp
855 3164 858 3230 Ι
887 3162 1057 3231 puniebatur
1075 3161 1111 3214 ΡΙ
1183 3164 1301 3232 aptata

296 3234 418 3303 gorissat
436 3254 457 3301 φ
474 3235 477 3301 Ι
495 3231 569 3305 (ut)
589 3234 640 3288 Kr.
661 3235 712 3287 alii
729 3249 818 3301 aeque
836 3235 869 3286 ut
886 3233 947 3303 ipse
974 3238 1024 3309 ”8
1042 3232 1240 3288 Achademicis
1255 3256 1275 3304 φ
1296 3235 1299 3305 l

296 3322 407 3391 inpigre
425 3322 447 3373 F
520 3325 553 3372 10
573 3322 701 3389 oportuni
720 3322 769 3390 Fe
844 3327 875 3373 11
895 3321 1010 3389 silentiij
1031 3342 1052 3390 φ

350 3409 500 3497 ωΛΡΜ
526 3408 718 3463 Puerorum
744 3395 958 3463 rioamoaV
985 3399 1044 3463 ΠΒ
1062 3439 1068 3453 ·
1085 3411 1110 3463 n
1128 3399 1300 3494 -aieiic

296 3496 392 3551 INCIP
408 3529 413 3538 ·
430 3529 435 3539 ·
450 3498 489 3550 ΙΠ
504 3527 510 3539 ·
525 3497 560 3564 Ἐς
586 3498 719 3551 APVLEI
744 3498 939 3553 PLATONICI
963 3497 1171 3552 FLORIDORV
1197 3499 1300 3553 LIBER

297 3586 395 3639 sco’s
414 3571 541 3639 anemo
557 3616 562 3627 ·
578 3585 710 3639 morem
729 3587 881 3641 ennoias
901 3608 922 3655 φ

298 3663 331 3709 13
350 3657 490 3725 principes
508 3656 621 3739 hfricae
639 3658 705 3728 uiri]
723 3659 864 3728 principes
884 3674 907 3711 a.
923 3676 946 3710 v.
958 3658 1018 3740 ‚FP
1037 3659 1071 3725 cf.
1089 3664 1121 3711 72
1137 3657 1178 3726 0.‚
1195 3678 1222 3728 p.
1234 3661 1298 3739 2458

276 3726 779 3874 Ilyabpligii'mpffilgisspsigffitge
806 3731 851 3783 uel
878 3729 1067 3797 ampl1ss1mae
1092 3729 1170 3782 urbis
1195 3730 1298 3785 Calama
