3042 4300
687 353 843 408 reorum
1209 355 1271 419 183

182 462 200 503 d
212 461 314 503 Oudend
1195 463 1210 503 f.
1226 465 1286 505 leth.
1300 467 1316 506 f.

260 523 335 581 uiris
357 522 445 581 facile
468 523 643 598 praecipuus
667 555 711 562 -
734 523 812 581 enim
835 523 1030 600 geometricae
1052 543 1142 598 penes
1167 523 1270 584 Graios

259 612 374 688 primus
402 615 534 689 repertor
563 613 592 669 et
623 613 747 670 naturae
775 631 873 670 rerum
900 611 1080 671 certissimus
1103 614 1272 688 explorator

261 703 292 760 et
324 702 471 759 astrorum
502 701 698 776 peritissimus
731 701 946 776 contemplator
974 733 1018 740 —
1049 701 1192 761 maximus
1225 722 1271 762 res

260 790 362 866 pernis
380 790 468 848 lineis
486 789 631 865 repperit:
654 792 822 865 temporum
840 789 977 863 ambituS,
1000 791 1156 848 uentorum
1174 790 1271 866 fistuS,

234 879 417 940 estellerum
439 881 563 952 mestus,
585 879 751 937 tonitruum
775 897 880 937 sonore
898 879 1051 953 miraculo,
1074 877 1202 937 siderum
1222 881 1271 938 ob-

260 969 343 1043 lique
371 967 529 1041 curricula,
558 967 629 1025 solis
653 987 751 1026 annua
774 968 963 1041 reuerticule,
988 966 1089 1026 itidem
1111 969 1199 1026 lunae
1222 970 1271 1027 uel

262 1057 414 1116 nascentis
441 1057 622 1114 incremento
648 1057 697 1113 uel
725 1058 901 1115 senescentis
931 1055 1155 1132 dispendiose]
1179 1057 1271 1115 delin-

262 1145 380 1221 quentis
404 1145 563 1204 obstacula.
600 1144 678 1202 idem
702 1163 771 1203 sene
794 1146 854 1202 iem
877 1146 1003 1220 procliui
1025 1148 1174 1204 senectute
1196 1144 1270 1203 diui·

261 1253 332 1292 nem
354 1234 500 1292 rationem
523 1233 558 1292 de
589 1233 649 1292 sole
681 1236 863 1292 commentus
894 1237 951 1308 est,
984 1254 1073 1309 quem
1099 1228 1109 1312 ll
1136 1234 1271 1309 equidem

221 1345 247 1384 ιο
262 1342 321 1382 non
354 1322 444 1390 didici
472 1321 572 1396 modo,
604 1342 707 1381 uerum
739 1323 830 1381 etiem
861 1323 1040 1398 experiundo
1072 1323 1270 1399 comprobem,

263 1412 400 1487 quotiens
432 1412 476 1470 sol
506 1411 709 1488 magnitudine
747 1431 802 1471 suu
837 1413 979 1470 circulum
1017 1432 1103 1488 quem
1138 1416 1271 1488 permeet

261 1502 411 1559 metietur.
461 1500 492 1558 id
525 1520 542 1557 e
574 1519 604 1559 se
635 1519 735 1559 recens
765 1502 919 1559 inuentum
953 1502 1060 1561 Thales
1091 1505 1272 1560 memoretur

263 1589 411 1649 edocuisse
436 1589 646 1665 Mendreytum
667 1589 865 1664 Prienensem,
889 1591 940 1664 qui
963 1610 1042 1649 noue
1065 1593 1095 1649 et
1117 1591 1271 1668 inopinate

263 1679 430 1755 cognitione
453 1679 602 1754 impendio
625 1678 788 1738 delectatus
808 1682 910 1754 optare
928 1680 1024 1753 iussit,
1048 1683 1190 1754 quantem
1210 1680 1270 1738 uel·

221 1789 247 1830 15
262 1768 304 1826 let
326 1766 489 1826 mercedem
512 1767 568 1826 sibi
591 1787 646 1844 pro
673 1769 758 1826 tento
786 1767 960 1826 documento
989 1769 1117 1842 rependi.
1165 1763 1271 1841 ‘satis’,

262 1857 374 1933 inquit,
398 1851 483 1914 ‘mihi
504 1858 595 1915 fuerit
617 1856 767 1930 mercedis,
791 1850 912 1933 [Thales
935 1851 1067 1935 sepiens]
1091 1858 1117 1914 si
1139 1858 1170 1914 id
1194 1858 1271 1932 quod

204 1963 250 2014 (er)
264 1965 283 2004 a
304 1965 352 2004 me
375 1945 518 2018 didicisti,
541 1964 607 2004 cum
628 1945 759 2019 proferre
791 1944 828 2001 ed
859 1944 1014 2020 quospiam
1042 1947 1185 2020 coeperis,
1214 1945 1272 2004 tibi

262 2054 323 2093 non
346 2035 519 2108 adsciueriS,
549 2033 600 2092 sed
629 2034 691 2091 eius
721 2033 837 2091 inuenti
866 2052 912 2091 me
939 2034 1039 2107 potius
1068 2052 1156 2107 quem
1180 2034 1272 2091 elium

262 2127 441 2199 repertorem
467 2117 667 2200 praedicaris?
711 2122 837 2197 pulchro
863 2141 972 2181 merces
999 2140 1135 2197 prorsum
1159 2141 1191 2181 ec
1216 2123 1273 2181 teli

222 2237 249 2275 so
263 2215 329 2272 uiro
352 2214 443 2290 digna
466 2216 496 2271 et
517 2214 675 2289 perpetue:
704 2232 776 2269 nem
804 2215 833 2270 et
860 2213 891 2269 in
913 2212 1087 2271 hodiernum
1111 2230 1145 2270 ac
1168 2212 1271 2270 deinde

263 2322 378 2379 semper
410 2302 498 2360 Thali
527 2322 561 2360 es
592 2319 702 2359 merces
733 2302 920 2376 persoluetur
952 2301 988 2359 ab
1017 2302 1151 2360 omnibus
1178 2301 1272 2376 nobie,

264 2392 316 2467 qui
340 2392 402 2450 eius
426 2391 565 2450 caelestia
588 2390 687 2449 studia
710 2409 783 2448 uera
805 2390 1005 2466 cognouimus

329 2480 415 2539 Henc
447 2499 501 2556 ego
533 2479 617 2538 uobis
649 2478 824 2553 mercedem,
861 2478 1131 2555 Carthaginienses,
1163 2479 1271 2554 ubique

263 2570 396 2646 gentium
425 2569 557 2643 dependo
586 2588 641 2644 pro
670 2567 847 2644 discipliniS,
880 2587 952 2643 ques
984 2569 1015 2625 in
1046 2568 1175 2644 pueritie
1207 2588 1272 2628 sum

224 2680 250 2719 25
266 2658 344 2732 apud
381 2677 434 2717 uos
472 2658 604 2735 adeptus.
658 2656 767 2732 ubique
804 2658 883 2715 enim
914 2677 961 2716 me
992 2660 1109 2715 uestrae
1141 2658 1271 2715 ciuitatis

265 2749 417 2805 alumnum
445 2748 521 2815 fero,
553 2747 662 2821 ubique
692 2764 745 2803 uos
778 2745 953 2805 omnimodis
983 2746 1119 2805 leudibus
1149 2746 1272 2820 celebro,

264 2839 378 2896 uestras
393 2836 564 2911 disciplinas
579 2835 739 2895 studiosius
752 2834 879 2909 percolo,
898 2837 1012 2894 uestras
1031 2854 1100 2911 opes
1115 2836 1274 2911 gloriosius

337 3050 351 3097 1
385 3042 555 3114 geometriae
583 3064 604 3112 φ
641 3042 648 3124 J
687 3040 772 3095 Gaios
800 3040 875 3110 Fip¹
962 3028 964 3031 ’
989 3047 1004 3092 2
1037 3040 1218 3163 explorstppr,
1251 3038 1272 3090 F

265 3118 424 3170 sectorum
442 3114 478 3167 Fr
580 3112 714 3167 eisdem
732 3113 871 3167 Krcecob.
891 3112 949 3166 coil.
971 3116 1057 3165 1529
1076 3112 1144 3163 item
1185 3110 1273 3164 cicius

264 3187 340 3242 idem
365 3187 414 3255 Fe
503 3190 517 3238 ⁷
544 3182 745 3254 delinquentis]
772 3182 962 3250 delinquentis
989 3183 1040 3251 Frp
1135 3185 1151 3233 8
1180 3180 1272 3234 obste-

264 3259 340 3330 oulo]
366 3257 505 3311 obeticula
527 3256 576 3325 Fp
666 3260 681 3307 9
704 3257 810 3309 emotus
837 3254 872 3323 φ1
896 3256 1022 3310 emeritus
1045 3252 1081 3322 φ’
1171 3256 1204 3304 10
1228 3268 1274 3305 ex-

263 3330 435 3399 periendos
488 3334 521 3382 13
540 3326 713 3380 Mendritum
732 3347 753 3394 φ
770 3324 988 3395 Ι.Ρτὶθηηθηεθιη
1002 3324 1052 3393 re
1108 3328 1141 3376 16
1161 3322 1272 3390 (Thales

264 3401 390 3473 sepiens]
415 3401 522 3455 seclusit
547 3399 598 3453 Kr.
697 3402 730 3451 17
749 3395 896 3473 cpperisF
923 3396 1069 3479 ceperisp
1161 3400 1194 3447 18
1217 3411 1274 3477 non

266 3491 315 3526 om.
335 3471 384 3541 Γφ
404 3473 467 3526 cdd.
487 3472 518 3524 in
535 3487 587 3539 my.
607 3490 629 3537 φ
648 3487 682 3522 m.
700 3487 723 3523 r.
816 3473 848 3522 19
868 3467 1041 3538 praedicens
1060 3465 1109 3535 Ρφ
1128 3465 1272 3534 praedice-

264 3595 338 3650 ueris
349 3597 400 3651 Kr.
418 3600 422 3662 l
438 3554 577 3664 pulclial'
595 3592 646 3662 pul
659 3592 726 3646 chre
726 3626 737 3664 J
757 3614 779 3662 φ
852 3597 886 3646 20
902 3591 968 3646 dein
986 3592 1030 3646 ccl
1048 3588 1113 3644 dein
1132 3589 1153 3642 F
1172 3590 1273 3643 deinde

263 3667 415 3807 316ΐὲθέἱῖ
433 3667 516 3737 culpo
588 3671 620 3719 21
640 3626 732 3734 lholy
750 3664 772 3717 F
845 3670 879 3719 22
899 3663 1014 3717 celestio
1034 3683 1055 3735 φ
1072 3665 1076 3735 l
1092 3677 1159 3718 uere
1176 3662 1274 3733 scripsi
