3042 4300
290 412 353 477 166
563 412 593 467 L.
613 411 745 465 APVLEI
763 410 1022 466 MADAVRENSIS

188 521 193 558 τ
212 522 273 563 ren.
287 521 303 559 f.
318 522 365 561 rso.
1244 519 1284 558 aa.
1298 516 1333 557 ou«

290 581 368 653 aeui,
397 599 485 654 quom
508 580 679 655 Polycrates
706 580 828 638 Samum
855 579 1033 655 potiebatur.
1069 579 1120 639 sed
1145 579 1295 654 haudqua-

290 689 379 744 quam
400 669 593 744 philosophus
617 672 744 745 tyranno
773 670 897 727 dilectus
926 671 978 728 est.
1024 669 1133 744 quippe
1162 686 1195 727 eo
1219 686 1294 727 com·

288 757 408 816 modum
431 758 578 817 dominari
601 777 666 817 orso
689 758 824 835 profugit
846 777 881 815 ex
908 758 1005 816 insula
1028 757 1162 816 clanculo
1185 757 1294 832 Pytha·

289 865 390 924 goras‚
422 849 507 922 patre
539 847 711 906 Mnesarcho
743 865 839 923 nuper
871 847 992 905 amisso:
1030 866 1116 921 quern
1148 846 1296 922 comperio
1310 859 1333 909 (a

289 936 368 993 inter
404 936 570 995 sellularios
612 935 738 994 artifices
776 935 899 1013 gemmis
935 935 1092 994 faberrime
1129 933 1296 1010 sculpendis
1321 952 1332 992 s

287 1023 405 1082 laudem
434 1025 530 1100 magis
561 1044 649 1099 quarn
679 1044 765 1101 opem
795 1025 951 1099 quaesisse.
1001 1027 1071 1083 sunt
1103 1025 1154 1098 qui
1185 1023 1296 1098 Pytha-

287 1132 380 1189 goran
410 1113 493 1171 aiant
522 1131 556 1171 eo
586 1114 728 1187 temporis
758 1114 837 1171 inter
866 1114 1000 1188 captiuos
1025 1111 1186 1187 Cambysae
1209 1112 1297 1188 regis,

287 1202 459 1278 Aegyptum
482 1219 548 1259 cum
578 1202 784 1276 adueheretur,
812 1201 945 1260 doctores
973 1202 1111 1260 habuisse
1138 1201 1297 1259 Persarum

286 1309 390 1366 magos
414 1309 448 1349 ac
470 1290 628 1365 praecipue
652 1292 836 1365 Zoroastren,
859 1292 953 1349 omnis
977 1290 1071 1348 diuini
1095 1291 1197 1348 arcani
1220 1289 1296 1347 anti·

288 1380 402 1453 stitem,
437 1381 599 1454 posteaque
631 1398 698 1437 eum
731 1398 749 1436 a
781 1379 909 1454 quodam
946 1377 1025 1437 Gillo
1059 1377 1296 1437 Crotoniensium
1310 1396 1333 1435 ro

285 1468 420 1542 principe
455 1467 660 1542 reciperatum.
716 1487 820 1526 uerum
856 1468 1005 1526 enimuero
1038 1466 1180 1526 celebrior
1216 1467 1296 1524 fama

286 1557 414 1631 optinet,
444 1558 548 1630 sponte
578 1575 645 1613 eum
674 1557 783 1632 petisse
808 1556 973 1633 Aegyptias
1004 1555 1176 1632 disciplinas
1207 1558 1296 1630 atque

286 1644 327 1701 ibi
358 1663 376 1700 a
408 1643 607 1702 sacerdotibus
645 1645 872 1704 cerimoniarum
908 1644 1102 1704 incredundas
1136 1645 1295 1721 potentias,

285 1750 478 1789 numerorum
510 1732 698 1792 admirandas
731 1735 824 1807 uices,
861 1735 1039 1811 geometriae
1072 1733 1294 1793 sollertissimas

285 1820 427 1879 formulas
450 1815 639 1899 <didicisse>t
662 1841 715 1881 nec
738 1823 784 1882 his
808 1822 921 1881 artibus
945 1822 1036 1880 animi
1060 1823 1209 1897 expletum
1227 1840 1295 1880 mox
1308 1840 1331 1880 rs

286 1907 448 1969 Chaldaeos
481 1913 570 1985 atque
602 1911 671 1969 inde
703 1911 903 1969 Brachmanos
927 1944 968 1950 -
991 1911 1023 1968 hi
1055 1911 1203 1986 sapientes
1237 1910 1294 1968 uiri

285 2001 367 2057 sunt:
390 1993 484 2076 (ilia)
506 1999 609 2058 lndiae
632 2019 703 2076 gens
727 2002 833 2058 est-
858 2019 958 2058 eornm
981 2018 1050 2076 ergo
1074 1999 1294 2057 Brachmanum

285 2088 543 2164 gymnosophistas
567 2088 671 2147 adisse.
710 2086 850 2146 Chaldaei
874 2088 1029 2149 sideralem
1052 2088 1216 2163 scientiam,
1240 2108 1292 2145 nu·
1306 2100 1333 2154 (sr

284 2175 400 2234 minum
435 2177 613 2254 uagantium
649 2181 757 2252 statue,
800 2179 928 2236 ambitus
964 2180 1156 2253 utrorumque
1194 2178 1293 2236 uarios

285 2265 404 2323 affectus
437 2266 468 2322 in
500 2267 645 2343 genituris
676 2266 830 2324 hominum
862 2266 1028 2341 ostendere,
1059 2285 1112 2325 nec
1144 2285 1204 2324 non
1235 2285 1294 2324 me·
1308 2286 1331 2325 ro

285 2352 373 2410 dandi
400 2353 529 2412 remedia
554 2357 663 2414 morbis
690 2355 826 2414 letalibus
855 2350 990 2433 (lewis)
1013 2355 1145 2413 lustratis
1173 2355 1293 2430 prouin-

285 2441 338 2499 ciis
360 2444 441 2499 terra
464 2444 603 2517 caeloque
626 2445 754 2501 otmari
777 2445 951 2518 conquisita.
992 2444 1171 2501 Brachmani
1194 2446 1295 2502 autern

357 2632 370 2678 1
391 2644 475 2693 quom
493 2628 631 2682 Krorwab.
647 2645 702 2695 quo
716 2629 765 2698 Po
782 2631 786 2697 Ι
802 2628 955 2682 Policrates
970 2629 1018 2697 For
1036 2632 1040 2699 Ι
1056 2629 1138 2682 Samo
1158 2648 1180 2697 φ
1197 2633 1201 2699 Ι
1218 2628 1295 2681 haud

285 2712 485 2767 quamquamrp
523 2705 539 2752 3
549 2699 708 2769 Pittagoras
719 2720 740 2769 φ
751 2700 1293 2769 1111111111111101111111111111111110

285 2767 323 2834 φ’
353 2768 515 2838 41111111οφ
544 2769 754 2847 bfauerrimeF
788 2770 1293 2841 6PythagoranaianteoFPittagora

284 2855 416 2909 naianteo
426 2877 448 2926 φ
458 2856 649 2927 Pythagoram
658 2859 722 2931 Kal
736 2848 825 2928 tpiso
881 2864 895 2911 ⁷
911 2858 1039 2913 Cambise
1058 2880 1079 2929 φ
1135 2865 1150 2913 8
1166 2859 1293 2929 egiptum

285 2947 307 2996 φ
324 2930 327 2996 Ι
344 2927 483 2999 doctores]
499 2929 628 2983 ducturas
643 2930 664 2981 F
680 2930 808 2984 ductores
823 2950 844 2998 φ
900 2936 915 2982 9
935 2930 1085 2984 Zoroasten
1101 2931 1150 2999 ra
1165 2932 1200 2997 cf.
1212 2930 1291 2999 Apol.

283 3015 311 3066 p.
328 3003 423 3065 110.1‚
441 2999 543 3065 6810,
559 3018 584 3069 p.
597 3006 682 3054 101.1
700 3003 704 3068 t
721 3001 816 3054 arcani
828 3002 880 3055 Kr.
895 3018 957 3055 cam
970 3002 1090 3056 Woioero
1105 3001 1292 3070 archanqu

286 3074 318 3121 10
338 3068 419 3137 Cyllo
439 3070 460 3122 F
476 3070 551 3139 Syllo
570 3072 665 3125 Robde
683 3073 717 3138 cs.
732 3073 828 3125 Iambl.
849 3071 907 3125 vita
920 3071 1038 3142 Pythag.
1055 3078 1069 3137 ἕ
1086 3078 1136 3125 150
1150 3090 1177 3142 p.
1190 3077 1292 3125 109.14

286 3145 317 3191 11
336 3143 532 3208 recuperatum
550 3163 571 3211 φ
645 3147 677 3194 12
697 3142 806 3211 optinet
824 3142 873 3210 Fa
893 3142 1002 3197 obtinet
1020 3144 1072 3197 Kr.
1098 3144 1103 3210 Ι
1129 3142 1291 3212 egiptiascp

286 3215 318 3261 13
337 3210 536 3280 incredulasqr
623 3218 655 3265 14
680 3212 892 3281 almirandasp
979 3219 1012 3267 15
1032 3213 1209 3287 (didicisse)
1228 3214 1290 3268 add.

284 3280 410 3334 Eimeab.
498 3288 530 3335 16
550 3280 687 3336 Chaldeos
705 3283 754 3350 Fa
785 3286 789 3350 l
818 3283 987 3338 Bracmanos
1006 3284 1057 3353 Frp
1146 3291 1178 3338 17
1198 3284 1290 3357 (illa)

284 3352 383 3405 addidi
407 3369 410 3403 ι
435 3353 621 3406 Bracmanum
639 3354 687 3421 Fu)
761 3358 794 3406 18
819 3355 1074 3423 gimpnosophistas
1098 3376 1119 3423 φ
1145 3358 1149 3424 l
1175 3354 1291 3409 Chaldei

284 3420 333 3489 Fu
350 3426 354 3490 Ι
371 3423 527 3490 syderalem
545 3424 567 3477 P
587 3427 591 3493 Ι
611 3424 757 3477 numinum
775 3424 837 3492 F¹o
860 3424 998 3479 luminum
1015 3425 1108 3480 F'Kr.
1184 3432 1216 3479 19
1236 3428 1290 3479 sta·

284 3492 330 3542 tus
349 3513 370 3560 φ
390 3495 478 3546 statos
497 3494 518 3546 F
538 3496 637 3562 status,
657 3494 779 3547 ambitus
797 3497 895 3563 scripsi
918 3499 1006 3549 statos
1030 3496 1152 3550 ambitus
1173 3497 1224 3551 Kr.
1245 3497 1292 3566 qui

281 3568 344 3628 post
362 3563 484 3617 ambitus
504 3566 631 3619 lacunam
649 3566 746 3620 statuit
854 3572 886 3619 21
911 3566 1015 3620 morbis
1038 3568 1171 3621 letalibus
1195 3569 1291 3637 scripsi

284 3631 448 3686 mortalibus
467 3635 529 3703 Fa,
548 3637 644 3690 deinde
664 3637 729 3690 iibri
744 3638 875 3703 praebeat
892 3636 958 3690 latis
976 3638 1112 3706 pecuniis,
1130 3641 1216 3693 acrba
1233 3656 1290 3694 sca-

251 3703 462 3839 mmmm
504 3709 625 3763 leniaci:
646 3705 785 3783 (longis)
803 3707 934 3762 lustratis
950 3709 1105 3778 prouinciis
1155 3716 1193 3761 11
1208 3711 1291 3761 11111-
