3042 4300
679 394 838 449 FLORIDA
1206 394 1267 459 189

205 503 311 545 onaan.
1192 503 1207 542 r.
1223 504 1282 543 1c1b.
1296 504 1312 544 r.
1327 505 1351 544 cr

256 565 345 640 plane
370 563 470 622 Crates
501 564 610 637 factus,
639 564 717 622 inter
747 581 881 640 proceres
912 562 1066 622 Thebanos
1096 565 1268 622 numeratus

258 658 315 712 est:
339 655 448 711 lectum
472 672 573 729 genus,
596 653 733 728 frequens
757 653 949 727 famulitium,
973 651 1076 710 domus
1100 653 1199 728 amplo
1223 672 1267 711 or·

257 746 329 801 nata
352 742 514 800 uestibulo:
537 742 602 819 ipse
624 743 698 800 bene
721 742 857 815 uestitus,
879 741 953 799 bene
976 740 1154 815 praediatus.
1200 744 1269 816 post

257 832 307 890 ubi
330 830 480 907 intellegit
507 831 623 888 nullum
651 831 708 890 sibi
735 832 768 888 in
795 849 826 888 re
854 829 996 887 familiari
1023 829 1205 904 praesidium
1227 831 1268 887 le-

229 939 243 979 s
253 923 375 997 gatum,
404 939 461 994 quo
484 920 578 978 fretus
602 922 731 978 aetatem
754 921 839 996 agat,
870 919 970 976 omnia
992 917 1072 976 fluxa
1094 917 1268 993 infirmaque

259 1028 335 1082 esse,
368 1009 509 1083 quicquid
538 1007 591 1068 suh
624 1008 706 1066 eaelo
733 1008 908 1066 diuitiarum
936 1009 993 1081 est,
1026 1026 1074 1066 eas
1103 1026 1203 1065 omnes
1232 1007 1269 1065 ad

257 1100 331 1157 bene
355 1097 518 1155 uiuendum
539 1092 655 1175 <orbib
678 1097 836 1173 quicquam
860 1114 922 1155 esse
937 1096 954 1132 ’¹‘
970 1096 986 1132 ²¹⁸
1000 1095 1024 1155 *.

187 1202 251 1244 ane
329 1186 423 1244 Sicuti
445 1204 553 1245 nauem
575 1187 697 1259 bonam,
726 1186 809 1245 fabre
836 1186 960 1259 factam,
982 1184 1056 1242 bene
1084 1185 1260 1243 intrinsecus
1273 1186 1351 1244 XXI]

262 1279 459 1351 compactam,
482 1275 661 1333 extrinsecus
685 1275 836 1351 eleganter
858 1274 1020 1349 depictam,
1049 1273 1152 1332 mobili
1175 1273 1269 1348 clauo,

217 1385 244 1424 ro
257 1365 350 1423 firmis
372 1363 561 1439 rudentibus,
587 1382 708 1439 procero
731 1364 824 1438 malo,
851 1363 963 1439 insigni
987 1362 1147 1437 carchesio,
1171 1363 1267 1437 splen·

259 1453 396 1513 dentibus
419 1453 507 1527 uelis,
535 1456 684 1529 postremo
712 1452 847 1511 omnibus
876 1452 1066 1510 armamentis
1094 1450 1207 1510 idoneis
1232 1452 1268 1508 ad

257 1561 344 1601 usum
368 1544 398 1600 et
419 1540 551 1601 honestis
574 1540 612 1599 ad
635 1541 928 1618 contemplationem:
952 1560 1017 1598 eam
1034 1557 1152 1599 nauem·
1167 1541 1193 1599 si
1216 1543 1269 1598 aut

258 1633 438 1707 gubernator
459 1651 519 1690 non
543 1633 614 1709 agat
644 1633 697 1688 aut
725 1633 886 1707 tempestas
917 1632 1001 1707 agat,
1031 1633 1066 1688 ut
1091 1629 1179 1688 facile
1202 1648 1269 1688 eum

188 1735 245 1787 (roc)
258 1720 320 1779 illis
342 1715 352 1797 ΙΙ
375 1720 500 1798 egregiis
532 1720 737 1780 instrumentis
771 1722 823 1778 aut
854 1719 1000 1795 profunda
1031 1718 1186 1778 hauserint
1217 1721 1270 1777 aut

220 1829 245 1870 15
260 1809 374 1884 scopuli
396 1809 634 1868 comminuerintl
663 1807 714 1866 sed
737 1811 767 1866 et
788 1803 792 1885 l
812 1807 919 1865 medici
942 1826 1008 1864 cum
1030 1809 1209 1865 intrauerint
1233 1806 1271 1865 ad

261 1917 392 1974 aegrum,
414 1899 458 1956 uti
478 1899 587 1973 nisant,
609 1915 695 1954 nemo
714 1915 824 1971 eorum,
844 1895 922 1971 quod
940 1895 1075 1953 tabulina
1093 1896 1270 1972 perpulchra

259 1988 292 2044 in
315 1986 436 2045 aedibus
460 1988 582 2044 cernant
605 1987 635 2043 et
661 1985 814 2042 lacunaria
843 2003 914 2042 auro
944 1983 1038 2042 oblita
1071 1988 1101 2042 et
1123 1985 1270 2061 gregatim

259 2093 365 2151 pueros
390 2093 423 2132 ac
446 2075 567 2132 iuuenes
591 2073 699 2131 eximia
725 2075 822 2132 forma
849 2074 881 2130 in
904 2072 1038 2131 cubiculo
1062 2074 1139 2131 eirca
1161 2073 1271 2130 lectum

187 2196 189 2201 Α
261 2167 377 2239 stantis,
401 2184 523 2241 aegrum
544 2164 636 2237 iubet,
658 2164 704 2222 uti
727 2164 768 2222 sit
787 2163 885 2222 animo
902 2162 990 2237 bono,
1012 2162 1072 2236 sed,
1094 2163 1146 2221 ubi
1163 2163 1271 2221 iuxtim

220 2274 247 2313 ao
261 2254 406 2332 consedit,
435 2272 557 2331 manum
578 2252 706 2311 hominis
735 2252 905 2328 prehendit,
935 2271 1000 2310 eam
1022 2253 1198 2328 pertrectat,
1221 2271 1270 2309 ue-

261 2363 366 2401 narum
389 2342 509 2417 pulsum
533 2344 563 2400 ct
584 2343 734 2399 momenta
757 2344 872 2415 captat:
896 2340 922 2400 si
946 2341 1016 2415 quid
1035 2341 1099 2399 illic
1117 2340 1271 2398 turbatum

262 2435 351 2506 atque
382 2430 567 2489 inconditum
604 2430 739 2504 offendit,
775 2431 823 2487 illi
858 2430 1024 2503 renuntiat,
1060 2429 1138 2487 male
1170 2429 1271 2487 morbo

261 2520 371 2578 haberi.
418 2519 500 2578 diues
527 2520 579 2578 ille
609 2519 674 2578 cibo
703 2518 904 2578 interdicitur:
934 2538 969 2577 ea
998 2518 1046 2576 die
1075 2519 1107 2575 in
1137 2537 1191 2577 sua
1214 2518 1272 2576 sibi

262 2610 382 2684 copiosa
405 2607 491 2667 domo
514 2628 621 2684 panem
643 2628 702 2667 non
726 2609 844 2684 accipit,
867 2627 933 2666 cum
955 2609 1069 2666 interea
1092 2610 1190 2666 totum
1209 2608 1271 2666 eius

223 2717 249 2757 as
264 2698 419 2756 seruitium
441 2698 550 2757 hilares
574 2699 643 2757 sunt
666 2699 755 2773 atque
775 2698 942 2774 epulantur,
964 2697 1068 2755 necin
1087 2716 1171 2755 eare
1191 2696 1271 2771 quic-

265 2806 354 2862 quam
377 2786 467 2844 efficit
491 2786 625 2846 conditio.

336 2954 491 3009 larbanos
506 2954 541 3022 φ1
558 2955 697 3009 thebanos
716 2953 753 3023 φ’
831 2953 1080 3022 2famuliciumq
1154 2953 1273 3006 lintel-

263 3026 369 3095 ligitq
437 3025 531 3079 tcelo
549 3026 600 3095 Fa
669 3025 819 3099 r<nihil>
838 3025 988 3093 quicquam
1006 3025 1104 3108 scripsi
1122 3024 1273 3091 quicquam

264 3151 315 3219 Frp
334 3149 523 3217 nequicquam
542 3150 594 3203 Kr.
614 3167 675 3203 cam
693 3150 862 3203 Bccicbemio
948 3145 981 3202 13
1001 3109 1109 3219 agita
1136 3150 1139 3216 Ι
1164 3148 1208 3219 ut]
1227 3133 1273 3201 uic

264 3274 301 3342 φἱ
375 3279 408 3327 16
426 3233 611 3341 neritinus
637 3276 640 3342 Ι
665 3272 854 3343 perpulcrae
897 3290 900 3295 ·
935 3278 969 3326 20
987 3276 1093 3327 manui
1113 3272 1149 3341 φ1
1179 3273 1182 3343 l
1211 3287 1272 3340 per-

264 3345 407 3400 trectatF
431 3346 465 3411 cf.
485 3344 551 3398 Met.
570 3344 596 3397 V
614 3351 662 3411 23,
685 3363 711 3414 p.
733 3349 837 3398 111.10
860 3351 885 3400 ct
907 3343 971 3398 VIII
990 3350 1018 3411 7,
1041 3362 1068 3412 p.
1089 3348 1147 3397 168.
1161 3348 1194 3395 10
1212 3359 1274 3412 per·

264 3418 370 3469 tractat
398 3436 419 3484 φ
527 3421 560 3468 21
590 3422 653 3470 cate
677 3416 702 3469 si
726 3434 760 3469 m.
785 3435 806 3470 r.
831 3416 862 3469 ia
885 3437 906 3485 φ
929 3432 1015 3484 supra
1037 3432 1146 3469 uersum
1172 3431 1221 3469 scr.
1245 3416 1275 3468 et

265 3492 298 3539 25
326 3485 437 3553 hylares
465 3507 487 3556 φ
517 3487 521 3557 Ι
551 3485 607 3539 sint
625 3493 650 3542 et
668 3486 816 3556 epulentur
835 3486 871 3555 φ’
942 3491 975 3538 26
995 3485 1121 3540 condicio
1141 3485 1275 3542 Fasces

265 3556 468 3611 condicioncF
493 3556 652 3611 conditione
670 3579 701 3628 φ.
738 3557 907 3625 Subscriptio
934 3558 1014 3613 acilo
1041 3563 1115 3611 extat
1137 3574 1221 3626 ecque
1243 3558 1275 3611 ia

265 3628 389 3697 Praeque
407 3630 439 3682 in
457 3649 487 3697 φ.
524 3629 563 3682 Ire
580 3630 652 3684 calce
670 3630 771 3684 cedias
789 3649 811 3697 φ
831 3629 943 3699 legitur:
962 3629 991 3683 F.
1011 3628 1117 3683 Aretin.

336 3700 446 3754 Sammo
463 3701 523 3754 iure
541 3701 709 3771 antiquiores
731 3701 847 3756 editores
865 3706 891 3755 ct
906 3700 1071 3768 iuterpretas
1086 3699 1221 3750 sicanus
1236 3699 1295 3777 aa,

263 3770 382 3838 tangunt
399 3772 530 3839 libellam,
550 3773 599 3843 qai
619 3774 723 3831 diriter
743 3772 907 3846 ‘Prologus'
927 3772 1004 3827 libet
1016 3769 1075 3819 *de
1087 3768 1146 3817 beo
1152 3760 1318 3811 uses-aua.
