3042 4300
279 402 343 467 110
460 374 462 380 ’
556 401 586 455 a.
606 399 739 454 uerear
757 399 1015 454 sinirnensis

179 515 186 555 ι
201 518 262 558 ηε.
275 513 291 550 r.
306 513 353 552 aaa.
1238 507 1283 546 Ed
1297 506 1354 548 onds

278 574 304 630 si
323 569 489 647 quamlibet
511 570 660 629 modicum
679 571 912 628 emolumentum
930 568 1139 644 probaueritis‚
1163 586 1220 645 ego
1242 568 1296 643 ille

199 670 201 675 ’
278 661 335 720 sim
351 659 528 718 Carmendas
551 660 601 717 uel
618 659 801 736 Damigeron
824 659 874 716 uel
896 659 943 717 his
967 702 1097 716 .....
1122 657 1221 716 Moses
1245 658 1296 716 uel

277 749 428 809 Johannes
451 749 500 807 uel
521 746 734 824 Apollobeches
756 749 806 806 uel
829 748 892 823 ipse
910 746 1067 806 Dardanus
1087 747 1350 822 uelquicmn·1›.1u

279 858 335 915 que
362 839 439 897 alius
465 841 535 914 post
559 839 733 896 Zoroastren
761 840 792 895 et
816 834 948 896 Ostanen
976 836 1055 895 inter
1084 854 1189 914 magos
1220 836 1295 894 cele-
1309 853 1354 905 (⁵⁸11

276 929 380 987 bratus
404 930 458 986 est.
1320 951 1332 991 s

350 1139 366 1185 2
385 1132 456 1185 Plin.
476 1135 534 1186 nat.
553 1130 619 1185 hist.
639 1130 716 1184 XXX
736 1136 798 1185 1.4:
831 1129 932 1184 mirum
950 1130 1003 1184 hoc
1021 1129 1159 1200 inprimis,
1178 1129 1296 1184 durasse

384 1203 548 1258 memoriam
566 1205 710 1270 artemque
733 1205 794 1257 tam
815 1202 901 1272 longo
920 1217 990 1255 aeuo
1010 1201 1219 1255 commentariis
1237 1216 1296 1256 non

307 1294 313 1301 ’
384 1273 632 1341 intercedentibus,
646 1277 792 1343 praeterea
805 1289 857 1327 nec
871 1273 954 1327 claris
968 1289 1020 1326 nec
1035 1272 1176 1326 continuis
1185 1289 1296 1327 succes-

385 1346 511 1401 sionibus
531 1344 709 1400 custoditam.
738 1347 840 1414 quotus
855 1345 930 1398 enim
944 1345 1062 1413 quisque
1077 1343 1178 1398 auditu
1193 1343 1297 1398 saltem

385 1417 513 1487 cognitos
530 1415 626 1483 habet,
645 1416 694 1484 qui
713 1416 766 1469 soli
784 1416 972 1483 nominantur,
990 1415 1150 1484 Apusorum
1168 1418 1198 1469 et
1211 1415 1296 1469 Zara-

385 1492 446 1542 tum
464 1487 561 1541 Medos
575 1487 802 1556 Babyloniosque
816 1487 972 1540 Mamarum
991 1489 1020 1541 et
1033 1486 1297 1555 Arabantiphocum

386 1564 436 1613 aut
453 1559 599 1628 Assyrium
617 1558 875 1625 Tarmoendam,
894 1575 1011 1626 quorum
1028 1557 1109 1611 nulla
1123 1561 1224 1612 extant
1235 1574 1296 1612 me·

385 1634 538 1685 numento?

350 1727 366 1773 3
384 1719 487 1774 Arnoh.
507 1720 571 1773 adn.
591 1722 665 1788 gent.
684 1720 698 1772 Ι
717 1724 763 1773 52:
802 1735 854 1788 age
881 1735 956 1773 nuno
981 1718 1080 1772 ueniat
1107 1733 1215 1786 quaeso
1242 1734 1295 1788 per

385 1792 499 1863 igneam
517 1806 616 1844 zonam
634 1807 733 1860 magus
751 1790 885 1844 interiore
904 1789 940 1844 ab
954 1789 1020 1844 orbe
1034 1789 1206 1859 Zoroastres,
1223 1790 1295 1844 Her-

385 1863 481 1932 mippo
504 1866 536 1916 ut
559 1863 745 1915 assentiamur
768 1860 889 1928 auctori,
916 1861 1083 1915 Bactrianus
1107 1864 1136 1915 et
1158 1860 1209 1915 ille
1228 1878 1296 1916 con-

387 1934 497 2003 ueniat,
521 1933 599 1987 cuius
619 1931 726 1988 Ctesias
744 1948 788 1986 res
807 1935 902 2002 gestas
920 1931 1101 1986 historiarum
1125 1931 1242 2002 exponit
1264 1932 1297 1986 in

405 2006 485 2074 rimo,
502 2004 659 2073 Armenius,
674 2003 788 2058 Ostanis
801 2020 897 2073 nepos,
917 2006 946 2057 et
958 2003 1106 2058 familiaris
1120 2003 1298 2074 Pamphylus

386 2022 458 2147 dyn,
476 2076 651 2146 Apollonius,
670 2075 821 2146 Damigero
836 2078 865 2129 et
877 2075 1035 2144 Dardanus,
1053 2075 1150 2144 Velus,
1168 2075 1297 2130 Iulianus

386 2153 415 2203 et
432 2147 587 2217 Baebulus,
615 2150 644 2201 et
666 2149 691 2202 si
709 2147 773 2216 quis
797 2151 840 2202 est
862 2146 948 2216 alius,
976 2147 1025 2216 qui
1049 2146 1242 2217 principatum
1267 2150 1297 2201 et

384 2236 486 2275 nomen
504 2219 593 2273 fertur
609 2219 640 2272 in
657 2218 763 2273 talibus
782 2219 915 2273 habuisse
938 2218 1107 2289 praestigiis.
1129 2251 1162 2259 —
1181 2217 1255 2273 Plin.
1274 2218 1295 2273 1.

386 2292 411 2345 d.
432 2297 457 2361 2,
478 2297 523 2344 11:
547 2293 637 2344 estet
656 2291 714 2345 alia
730 2290 855 2361 magices
873 2289 960 2344 factio
980 2306 997 2344 a
1015 2289 1093 2343 Mose
1112 2293 1141 2344 et
1158 2289 1247 2343 Ianne
1267 2291 1298 2343 et

385 2363 492 2432 Lotape
511 2378 545 2416 ac
563 2361 674 2415 Indaeis
692 2362 827 2431 pendens,
846 2362 896 2415 sed
913 2361 1010 2415 multis
1027 2360 1143 2414 milibus
1158 2377 1298 2416 annornm

385 2438 450 2503 post
459 2434 631 2488 Zoroastren.
643 2465 676 2473 —
686 2433 755 2487 ibid.
767 2439 827 2487 29:
840 2432 1015 2487 Democritus
1029 2432 1298 2502 Apollobechen

386 2504 517 2575 Coptiten
528 2507 556 2558 et
565 2504 728 2558 Dardanum
741 2520 757 2558 e
771 2504 910 2558 Phoenice
923 2504 1087 2572 illustrauit,
1100 2501 1297 2559 uoluminibus

386 2576 512 2630 Dardani
530 2576 561 2629 in
584 2573 742 2644 sepulcrum
769 2575 828 2629 eius
853 2574 964 2644 petitis,
993 2574 1050 2628 suis
1068 2591 1135 2628 uero
1155 2591 1190 2628 ex
1209 2574 1296 2630 disci-

386 2647 465 2717 plina
484 2663 579 2701 eorum
597 2646 694 2714 editis,
718 2663 791 2714 qnae
809 2649 922 2715 recepta
942 2646 977 2699 ab
996 2644 1062 2699 ullis
1080 2645 1228 2699 hominum
1249 2650 1293 2701 at-

387 2734 441 2786 que
459 2718 604 2772 transiisse
619 2734 670 2787 per
687 2718 851 2771 memoriam
869 2734 958 2785 aeque
977 2733 1011 2772 ao
1028 2717 1101 2770 nihil
1119 2717 1150 2771 in
1162 2717 1226 2772 nita
1238 2718 1294 2771 mi-

386 2790 506 2843 randum
525 2792 574 2843 est.

351 2885 368 2932 4
386 2878 455 2933 ibid.
472 2884 495 2933 2.
507 2885 535 2931 3:
555 2879 615 2932 sine
630 2877 715 2931 dubio
730 2878 845 2948 (magia)
861 2880 922 2931 orta
935 2878 966 2931 in
979 2878 1093 2931 Perside
1108 2895 1124 2932 a
1139 2878 1297 2946 Zoroastre,

386 2954 420 3004 nt
437 2950 511 3004 inter
529 2953 657 3004 auctores
672 2950 814 3003 conuenit:
835 2950 884 3004 sed
897 2967 970 3003 unus
983 2950 1031 3003 hio
1044 2949 1129 3003 fuerit
1143 2964 1181 3003 an
1194 2952 1297 3019 postea

387 3026 416 3076 et
434 3022 520 3088 alius,
538 3038 594 3075 non
618 3020 687 3075 satis
711 3023 829 3075 constat.
850 3054 883 3061 —
902 3020 970 3074 ibid.
991 3026 1014 3074 2.
1026 3026 1054 3074 8:
1074 3020 1194 3090 primus,
1219 3021 1296 3089 quod

387 3096 472 3161 extet,
485 3096 517 3147 ut
532 3092 662 3160 equidem
675 3092 799 3161 inuenio,
814 3094 1016 3146 commentatus
1032 3096 1075 3146 est
1084 3092 1119 3145 de
1129 3107 1165 3145 ea
1173 3091 1296 3147 Ostanes

352 3313 367 3360 2
387 3306 521 3361 Carr'ridas
538 3306 560 3358 F
579 3305 769 3359 Tarmoendas
788 3306 839 3360 Kr.
859 3321 920 3360 cam
934 3306 1008 3359 Plio.
1023 3304 1057 3359 N.
1072 3304 1106 3360 H.
1121 3304 1200 3358 XXX
1215 3311 1267 3361 1.4
1287 3305 1293 3378 l

279 3377 326 3430 uel
344 3377 388 3431 his
407 3376 499 3431 Moses
517 3378 539 3430 Il
557 3378 687 3432 exedisse
704 3378 816 3431 uidetur
833 3378 1038 3446 comparatirms
1054 3376 1102 3429 uel
1119 3376 1294 3447 hismesoscp

280 3448 327 3501 uel
346 3448 475 3521 <Ve>lus
495 3448 585 3521 (uel)
603 3448 695 3502 Moses
715 3448 767 3502 Kr.
787 3463 847 3502 cam
864 3448 990 3503 Mewsie
1007 3445 1054 3500 uel
1068 3447 1153 3502 Hisus
1168 3452 1215 3520 (=
1226 3448 1293 3502 Hie-

281 3520 338 3587 sns)
356 3519 403 3572 uel
421 3520 513 3573 Moses
531 3520 654 3575 Bosscbe
724 3524 741 3572 3
759 3519 824 3572 iohs
834 3518 856 3572 l*
870 3519 949 3572 iohes
964 3539 986 3588 φ
1004 3518 1109 3572 Jannes
1123 3535 1186 3574 eam
1200 3520 1294 3575 (letoio

281 3591 333 3644 Kr.
362 3593 366 3658 Ι
392 3590 598 3659 Apollobeches
624 3591 675 3644 Kr.
695 3606 729 3643 ea
746 3591 822 3644 Pan.
841 3590 918 3643 XXX
937 3595 988 3643 Μ
1007 3591 1057 3645 ebt
1075 3590 1142 3645 liber
1161 3592 1228 3645 Par.
1248 3590 1292 3662 (Z)

277 3662 358 3715 habet
369 3661 572 3731 Apollonecen;
593 3661 686 3731 apollo
705 3661 755 3738 hap
769 3661 790 3714 F
806 3661 900 3731 apollo
910 3663 961 3731 hep
975 3661 1143 3730 Apollonius
1153 3661 1289 3734 Bosecbal

253 3745 403 3848 qur'cquue
419 3785 448 3836 F
521 3794 540 3841 4
561 3789 638 3845 alias
658 3790 705 3862 Ρφ
723 3788 902 3862 {Hostanen
914 3787 970 3856 llo
