3042 4300
294 410 337 474 98
570 411 600 465 L.
619 409 752 464 APVLEI
770 410 1029 466 MADAVRENSIS

187 523 204 562 f.
218 522 278 563 ιειι
291 521 308 560 a
322 522 370 561 rea.
1253 520 1297 560 na
1311 518 1352 561 oua

294 585 344 640 tur
366 579 448 656 mugi
470 583 555 654 sunt,
584 580 609 638 si
636 581 691 639 hoo
717 581 796 639 forte
818 581 871 656 qui
898 584 981 640 amat
1003 579 1175 657 scripserit?
1221 580 1308 640 eredo

295 689 386 745 nuno,
416 669 495 744 quod
523 668 695 728 Pudentilla
723 687 771 727 me
799 669 832 727 in
861 687 895 728 eo
924 673 1058 746 tempore
1086 688 1147 728 non
1177 669 1309 744 amabat,

202 778 218 817 r.
233 779 279 818 soa.
295 759 441 836 siquidem
468 757 499 817 id
526 759 607 817 foras
635 760 768 834 scripsit,
797 750 802 839 l
832 760 911 835 quod
938 759 1041 835 palam
1067 762 1133 818 erat
1159 759 1235 816 mibi
1258 758 1309 817 ob-

294 851 436 908 futurum.

188 940 295 1000 LXXX
361 938 529 1010 Postremo,
556 934 719 1012 quiduis?
756 954 860 995 sanam
883 956 922 996 an
943 937 1082 996 insanam
1103 936 1208 1013 fuisse,
1238 937 1344 997 dume

297 1024 459 1086 scriberet?
496 1043 600 1084 sanam
623 1023 722 1084 dices?
763 1026 839 1084 nihil
862 1045 933 1104 ergo
957 1029 1022 1085 erat
1043 1027 1168 1103 magieis
1192 1026 1307 1085 artibus

294 1135 392 1192 passa.
437 1114 573 1173 insanam
595 1113 807 1189 respondebis?
829 1115 935 1175 nesciit
959 1133 1029 1192 ergo
1053 1115 1125 1190 quid
1147 1115 1308 1190 scribsen't,

295 1224 388 1280 eoque
411 1203 439 1261 ei
461 1202 534 1262 fides
556 1223 616 1261 non
638 1203 775 1263 habenda
798 1207 857 1263 est:
878 1205 969 1264 immo
993 1205 1111 1263 etiamsi
1133 1205 1242 1264 fuisset
1263 1205 1308 1262 in·

294 1313 384 1369 sana,
413 1294 550 1351 insanam
578 1310 610 1350 se
633 1309 696 1351 esse
725 1294 875 1352 nescisset.
919 1312 990 1351 nam
1017 1297 1052 1352 ut
1081 1293 1208 1352 absurde
1234 1294 1309 1352 facit

295 1385 346 1458 qui
368 1386 468 1442 tacere
491 1399 522 1440 se
545 1380 628 1456 dicit,
651 1383 731 1456 qnod
752 1381 864 1440 ibidem
886 1383 1010 1441 dicendo
1032 1386 1131 1441 taoere
1159 1400 1223 1442 sese
1248 1401 1308 1442 non
1321 1402 1345 1442 ro

293 1475 375 1531 taoet
397 1474 428 1530 et
450 1470 517 1545 ipsa
539 1470 721 1544 professione
745 1470 825 1546 quod
846 1471 1004 1546 profitetur
1025 1471 1171 1531 infirmat:
1194 1473 1240 1531 ita
1259 1471 1308 1529 uel

293 1561 390 1638 magis
412 1559 468 1617 hoo
490 1562 652 1636 repugnat:
675 1553 742 1637 ‘ego
765 1555 903 1620 insanio?
946 1561 1026 1636 quod
1047 1578 1151 1618 uerum
1174 1563 1308 1635 nonest,

294 1649 353 1708 nisi
371 1650 466 1708 soiens
484 1647 571 1707 dicit:
592 1667 681 1723 porro
700 1667 789 1708 sanus
808 1652 862 1723 est,
885 1651 937 1724 qui
956 1650 1013 1708 soit
1030 1650 1104 1725 quid
1122 1651 1163 1709 sit
1180 1651 1308 1709 insania.

295 1739 405 1814 quippe
428 1738 545 1796 insania
568 1737 642 1796 soire
665 1756 696 1796 se
718 1757 778 1796 non
800 1740 909 1814 potest,
932 1758 991 1797 non
1013 1739 1109 1816 magis
1132 1758 1225 1814 quam
1244 1756 1309 1798 eae·

294 1828 369 1887 eitas
393 1845 424 1886 se
447 1826 556 1884 uidere.
601 1828 696 1904 igitur
718 1827 890 1886 Pudentilla
912 1845 1031 1903 compos
1054 1829 1163 1886 mentis
1186 1828 1259 1902 fuit,
1283 1826 1345 1888 sire

294 1919 460 1992 oompotem
481 1917 590 1975 mentis
613 1934 644 1974 se
667 1935 727 1976 non
748 1915 883 1992 putabat.
919 1934 1048 1992 possum,
1071 1916 1097 1976 si
1117 1917 1218 1992 uelim,
1241 1916 1352 1993 plu-no

293 2005 384 2081 ribus,
407 2005 458 2065 sed
480 2004 569 2064 mitto
592 2005 756 2066 dialectica.
793 2005 874 2081 ipsas
897 2005 1013 2065 litteras
1036 2007 1124 2083 longe
1148 2006 1231 2064 aliud
1250 2006 1309 2065 ola·

293 2095 403 2155 mantis
427 2096 458 2154 et
485 2094 571 2171 quasi
601 2094 702 2154 dedita
730 2112 821 2171 opera
849 2094 887 2154 ad
913 2094 1057 2154 iudicium
1078 2094 1160 2154 istud
1182 2113 1310 2173 praepa·

293 2189 375 2244 ratas
399 2188 429 2243 et
452 2185 688 2243 accommodatas
710 2183 850 2243 recitabo.
888 2186 988 2260 aooipe
1009 2187 1045 2244 tu
1068 2188 1098 2243 et
1115 2186 1191 2262 lege,
1214 2204 1309 2261 usque
1323 2199 1352 2251 (ss

294 2275 365 2333 dum
388 2293 442 2351 ego
465 2274 658 2348 interloquar.
1110 2267 1130 2308 ⁸
1322 2293 1346 2334 ro

362 2362 481 2421 Sustine
501 2362 656 2437 paulisper
679 2380 754 2436 quae
774 2365 924 2421 secuntur:
947 2380 1017 2420 nam
1036 2362 1073 2421 ad
1092 2363 1310 2422 deuerticulum

293 2454 337 2509 rei
359 2455 483 2510 uentum
506 2454 559 2510 est.
605 2450 700 2509 adhuc
723 2451 815 2524 enim,
837 2451 979 2526 Maxime,
1002 2455 1147 2527 quantum
1170 2451 1310 2527 equidem

294 2539 506 2614 animaduerti,
538 2558 685 2614 nusquam
713 2539 821 2598 mulier
846 2534 857 2618 ΙΙ
882 2542 1013 2617 magiam
1042 2540 1224 2616 nominauit,
1257 2541 1309 2601 sed

295 2629 428 2688 ordinem
449 2628 592 2704 repetiuit
615 2628 747 2702 eundem,
771 2648 859 2703 quem
878 2647 932 2706 ego
950 2630 1041 2705 paulo
1059 2629 1141 2706 prius
1161 2629 1197 2687 de
1216 2630 1309 2707 longa

295 2718 452 2792 uiduitate,
481 2718 517 2775 de
546 2716 676 2775 remedio
705 2716 896 2792 ualetudinis,
926 2718 962 2777 de
989 2713 1144 2778 ubluntate
1168 2718 1309 2794 nubendi,
1322 2736 1346 2779 re

295 2806 330 2865 de
353 2806 427 2865 meis
449 2805 597 2880 laudibus,
620 2823 694 2881 quas
717 2824 752 2863 ex
775 2805 922 2865 Pontiano
945 2810 1134 2886 cognouerat,
1156 2808 1194 2866 de
1218 2826 1310 2868 suasu

294 2896 397 2972 ipsius,
420 2897 455 2953 ut
476 2895 550 2953 mihi
572 2895 761 2970 potissimum
783 2896 914 2954 nuberet.

187 2983 310 3043 LXXXI
376 2984 459 3043 Haeo
480 3002 574 3059 usque
597 2984 692 3041 adhue
718 2984 798 3044 lecta
820 2988 897 3043 sunt.
937 2989 1072 3061 superest
1094 3004 1129 3044 ea
1151 3003 1223 3061 pars
1247 2985 1309 3062 epi·

295 3074 404 3149 stulae,
442 3091 518 3147 quae
542 3074 679 3131 similiter
709 3092 764 3148 pro
795 3093 843 3132 me
870 3076 983 3150 scripta
1009 3075 1041 3132 in
1068 3077 1179 3134 memet
1207 3076 1309 3151 ipsum

367 3355 380 3402 1
400 3348 483 3402 oredo
502 3348 617 3404 Salmas.
637 3350 705 3403 cedo
724 3350 773 3420 Fq
847 3356 863 3403 3
881 3350 957 3405 foras
976 3350 1025 3420 Fq
1108 3356 1122 3405 7
1142 3310 1280 3419 idcireo
1302 3352 1305 3423 l

294 3419 478 3474 scribseritF
567 3427 582 3474 9
602 3438 632 3476 se
651 3436 710 3475 esse
729 3421 751 3473 F
770 3436 830 3475 esse
849 3438 918 3492 seq
1010 3428 1044 3475 13
1063 3422 1153 3477 sciens
1172 3423 1248 3492 Ε’φδ
1264 3423 1309 3477 in·

295 3544 385 3599 solens
405 3545 457 3599 Kr.
531 3551 564 3598 16
583 3524 603 3611 id
620 3546 642 3598 ll
659 3548 663 3614 Ι
678 3545 825 3599 litterasF
842 3548 846 3615 Ι
862 3506 1052 3601 olamanbidl*
1125 3553 1158 3601 21
1175 3549 1310 3602 secuntur

293 3616 316 3669 E
346 3620 351 3686 Ι
381 3616 585 3671 deuerticulum
603 3617 639 3670 F¹
667 3616 866 3671 diuortioulum
884 3618 951 3687 1⁴¹qu
975 3619 1009 3685 of.
1030 3624 1073 3672 96.
1084 3624 1118 3671 23
1210 3625 1245 3673 24
1264 3635 1307 3672 or·

260 3708 569 3844 Sffignffionibiiii
594 3724 775 3797 repetiuito
848 3730 883 3779 rs
910 3724 1121 3793 usurarius
1191 3732 1227 3781 rs
1249 3724 1308 3793 epr-
