3042 4300
299 379 362 444 160
571 380 601 432 L.
620 377 755 433 APVLEI
772 376 1033 432 MADAVRENSIS

187 489 279 531 risse.
293 489 311 529 s
324 489 371 529 usa
1254 483 1352 526 seona

295 569 387 625 quam
404 547 437 606 in
458 551 489 607 te
511 551 600 624 parta
622 549 698 623 laus,
720 549 780 607 nisi
798 566 863 607 eam
883 550 918 606 tu
935 548 1029 606 talem
1045 546 1234 608 tradidisses:
1256 548 1307 622 qui

295 638 412 696 utinam
432 641 577 714 perpetuo
606 638 709 697 lioeret
738 638 812 696 frui!
849 636 923 713 quid
948 636 1034 697 nobis
1062 655 1131 696 oum
1153 636 1221 697 istis
1242 653 1306 711 pro

296 728 452 786 consulum
475 727 599 801 uicibus,
622 726 693 802 quid
716 745 784 785 oum
807 726 893 785 anuis
915 725 1055 786 breuibus
1083 729 1115 784 et
1140 725 1306 785 festinanti·

295 817 350 875 bus
372 814 543 875 mensibus?
576 835 592 874 o
616 818 725 875 celeres
746 816 893 875 bonorum
914 814 1068 874 hominum
1089 814 1164 890 dies,
1185 833 1204 874 o
1226 833 1306 892 prae·

296 905 394 965 aidum
416 906 597 982 optimorum
620 907 712 964 oitata
730 905 890 963 auruoutat
911 905 974 963 iam
990 907 1030 979 te,
1054 903 1226 978 Seuerianus,
1244 906 1307 964 tots
1329 921 1340 962 s

296 996 451 1072 prouincia
478 993 716 1054 desiderabimus.
771 995 921 1053 enimuero
944 993 1131 1052 Honorinum
1159 997 1191 1053 et
1217 993 1306 1052 honos

296 1103 366 1144 auus
391 1084 429 1142 ad
456 1087 628 1159 praetiram
654 1086 756 1157 uooat,
786 1085 817 1141 et
847 1084 934 1141 fauor
962 1081 1122 1142 (laesarum
1144 1082 1185 1141 ed
1206 1101 1307 1142 consu·

296 1175 391 1231 latum
413 1174 537 1247 format,
567 1176 598 1231 et
621 1192 703 1231 amor
725 1175 828 1231 noster
855 1173 1124 1249 inpraesentiarum
1152 1174 1251 1246 tenet,
1280 1173 1308 1230 et

295 1281 363 1338 spes
392 1261 581 1339 Carthaginis
612 1263 645 1320 in
675 1263 811 1320 futurum
842 1261 982 1338 spondet,
1013 1279 1073 1320 uno
1095 1261 1204 1320 solatio
1232 1261 1308 1320 freta

296 1352 423 1428 exempli
445 1352 506 1425 tui,
530 1350 608 1425 quod
631 1352 683 1427 qui
705 1352 824 1428 legatus
845 1351 990 1425 mittitur,
1012 1350 1172 1426 proconsul
1196 1349 1235 1408 ad
1256 1368 1308 1409 nos
1320 1368 1342 1408 10

296 1442 355 1500 oito
377 1459 549 1498 reuersurus
573 1443 625 1498 est.

245 1618 272 1675 X
430 1617 482 1675 Sol
505 1618 557 1691 qui
580 1618 755 1677 candentem
776 1618 893 1677 feruido
911 1637 998 1678 eursu
1022 1620 1113 1692 atque
1135 1618 1221 1692 equis

426 1706 577 1764 flammam
600 1709 699 1767 sitatis
721 1707 836 1766 feruido
861 1707 964 1766 ardore
988 1707 1131 1783 explicas:

292 1831 423 1906 itemque
455 1831 576 1890 luminis
613 1833 675 1891 eius
707 1831 793 1890 Luna
825 1832 971 1907 discipula
1002 1849 1056 1890 nea
1087 1849 1148 1890 non
1178 1830 1307 1906 quinque
1320 1845 1352 1891 (411

294 1923 407 1978 oeterae
430 1921 606 1997 uagantium
628 1923 806 1996 potestates:
838 1921 919 1980 Iouis
941 1920 1085 1994 benefica,
1108 1918 1235 1978 Veneris
1257 1937 1307 1978 uo·
1320 1936 1342 1977 15

293 2009 436 2085 luptifioa‚
459 2011 564 2085 pernix
582 2010 718 2084 Mercuri,
741 2011 906 2087 perniciosa
926 2008 1056 2084 Saturni,
1078 2008 1186 2068 Martis
1202 2008 1307 2084 ignita

294 2101 364 2159 sunt
388 2101 418 2158 et
442 2099 519 2158 aliae
541 2098 656 2158 mediae
679 2099 767 2159 deum
790 2101 967 2177 potestates,
1000 2097 1167 2175 quaelicet
1190 2097 1308 2172 sentire,

292 2208 351 2248 non
385 2188 473 2248 datur
505 2207 636 2262 eernere,
673 2192 707 2247 ut
738 2189 858 2248 Amoris
890 2191 1112 2265 oeterorumque
1144 2187 1177 2246 id
1207 2205 1307 2265 genus,

293 2296 419 2353 quorum
450 2278 547 2336 forma
578 2279 749 2353 inuisitata‚
786 2279 832 2337 uis
865 2279 992 2355 cognita.
1046 2278 1120 2336 item
1147 2278 1180 2335 in
1211 2278 1308 2352 terris,

292 2369 441 2442 utcunque
465 2366 671 2442 prouidentiae
693 2367 772 2425 ratio
794 2367 947 2443 poscebat,
980 2367 1052 2425 alibi
1082 2367 1232 2426 montium
1263 2379 1352 2427 ar-ala

293 2454 366 2514 duos
390 2456 515 2514 uertices
543 2456 659 2531 extulit,
687 2455 759 2515 alibi
788 2475 959 2531 camporum
986 2456 1124 2533 supinam
1150 2456 1307 2532 planitiem
1320 2472 1341 2511 21

295 2545 483 2619 ooaequauit:
506 2545 636 2620 itemque
659 2544 768 2620 ubique
791 2544 928 2603 distinxit
951 2546 1083 2603 amnium
1100 2544 1219 2615 fluores,
1241 2563 1307 2622 pra-

293 2633 394 2690 torum
416 2633 538 2707 uirores‚
561 2634 633 2691 item
657 2633 739 2692 dedit
760 2634 879 2692 uolatus
904 2634 1017 2709 auibus,
1044 2634 1166 2694 uolutus
1190 2651 1306 2713 serpen·

293 2720 384 2795 tibus,
407 2740 508 2780 cursus
531 2723 612 2797 feria,
634 2741 752 2800 gressus
775 2722 951 2782 hominibus.

368 2897 400 2944 12
425 2890 521 2943 Soaen.
545 2891 624 2944 Rom.
643 2892 736 2961 poesis
759 2890 860 2961 fragm.
885 2891 926 2944 ed.
950 2876 1309 2962 Ribb.v01.i'p.244'et

420 2960 580 3015 Priscianus
598 2962 637 3015 111
655 2967 708 3016 424
726 2963 759 3016 K.
779 2965 814 3030 os.
834 2962 929 3032 Eurip.
948 2961 1052 3017 Phoen.
1073 2969 1152 3034 lsqq.

368 3128 383 3175 1
403 3137 466 3176 eam
475 3138 573 3189 -qua
584 3122 633 3191 Po
648 3138 712 3176 enm
723 3155 756 3163 -
768 3138 823 3191 quo
833 3122 1014 3177 Stewerhssr.
1029 3122 1197 3178 tradidisses
1210 3126 1309 3195 sorspoi

297 3192 422 3247 dedisses
441 3193 492 3261 Pp
514 3193 544 3246 in
567 3193 669 3247 iuuene
688 3193 833 3317 <paratag
852 3211 938 3261 quam
960 3193 991 3247 in
1012 3196 1041 3248 te
1063 3198 1151 3263 parta
1167 3196 1306 3252 Kronenb.

297 3264 630 3319 tuicioibusFoelersF
685 3265 806 3335 ipraesi
826 3265 1088 3334 umopraesidium
1101 3266 1183 3321 aar.
1231 3268 1308 3321 dde-

296 3335 481 3389 siderabimus
492 3337 543 3391 Kr.
554 3354 615 3391 eum
622 3336 737 3392 Salmas.
747 3336 995 3406 desideramust
1042 3341 1057 3390 '1
1068 3335 1190 3393 Caeam
1199 3355 1309 3402 cortex

297 3403 464 3476 Caesaries)
521 3411 537 3460 8
556 3407 810 3478 inpraesentiarum
823 3408 873 3477 Ρφ
924 3414 940 3461 9
960 3408 1065 3464 solacio
1083 3407 1133 3478 Ρφ
1199 3416 1232 3465 11
1247 3414 1308 3466 rafi-

297 3493 377 3531 surus
396 3478 417 3530 F
491 3484 524 3531 12
542 3479 695 3533 micantem
713 3478 834 3533 oandido
853 3496 936 3532 ruma
949 3480 1087 3534 Priscian.
1162 3486 1195 3535 15
1216 3484 1308 3536 cetera

297 3563 370 3616 euag
389 3552 452 3619 (ras.
472 3550 504 3602 ia
521 3567 577 3618 pua
595 3550 626 3603 in
643 3552 729 3618 foisse
745 3551 816 3618 aid.)
835 3551 944 3603 antium
962 3550 983 3603 F
1008 3553 1101 3605 cetera
1125 3553 1309 3621 euagantium

297 3637 319 3685 φ
338 3620 372 3684 of.
392 3636 478 3687 supra
498 3626 557 3674 156.
568 3627 611 3688 13,
630 3628 664 3675 aa
683 3620 729 3683 0..
747 3640 774 3691 p.
796 3621 1070 3694 ro.14Kr.(slor.);
1091 3627 1151 3678 157.
1162 3629 1207 3691 aa,
1220 3629 1256 3678 aa
1268 3623 1308 3690 0.,

283 3705 314 3753 p,
336 3691 489 3745 11,17Kr.
507 3691 602 3763 (Ποῖ.)
696 3699 730 3749 16
749 3692 883 3748 Mercurii
901 3713 922 3762 φ
1012 3699 1045 3747 tt
1069 3693 1196 3747 detuit*
1220 3695 1307 3764 dms

271 3761 311 3805 19
330 3758 476 3816 musitata
494 3764 553 3835 Fa
631 3773 667 3823 22
686 3766 846 3839 coequauit
862 3766 919 3836 dap
