3042 4300
446 400 598 471 [Danao
618 400 797 457 SOCRATIS.
824 400 1034 473 PROLOGVS]
1108 416 1110 420 ’
1190 402 1252 465 193

193 509 295 549 Oudend.

243 573 361 629 euectus
389 570 420 626 in
449 569 576 644 quadam
602 570 737 645 proxima
768 588 889 645 quercu,
919 569 950 626 in
978 588 1091 628 summo
1120 570 1181 629 eius
1205 589 1252 628 ca-

242 659 356 716 cumine
370 661 454 718 tutus
473 658 557 717 sedit.
588 678 622 717 eo
646 678 763 734 quoque
781 654 887 717 tamen
900 658 1014 733 uulpes,
1033 659 1104 733 quia
1123 659 1252 734 lapidem

241 748 392 822 nequibat,
415 747 515 806 dolum
537 747 615 806 iecit.
655 767 782 823 namque
806 746 929 806 eandem
952 746 1085 805 arborem
1108 749 1254 807 successit

242 840 271 895 et
294 836 469 910 subsistens,
499 854 565 893 cum
588 845 712 912 superne
737 839 889 912 raptorem
911 836 1021 910 praede
1045 838 1183 894 ouantem
1206 837 1250 894 ui-

214 926 332 998 sderet,
355 925 476 983 laudare
495 928 563 985 astu
582 926 686 984 adorta
709 928 767 985 est:
792 919 858 983 ‘nae
877 944 931 1002 ego
949 924 1067 999 inscita,
1091 944 1252 999 quaecum

242 1014 312 1072 alite
335 1013 484 1089 Apollinis
506 1014 617 1072 frustra
640 1014 829 1090 certauerim,
853 1013 962 1089 quippe
984 1013 1031 1071 cui
1054 1013 1114 1070 iam
1136 1013 1251 1089 pridem
1279 1074 1281 1084 ,

187 1119 227 1169 ro)
242 1122 347 1178 corpus
369 1105 433 1160 tam
456 1103 630 1161 concinnum
658 1105 715 1178 est,
742 1106 777 1160 ut
802 1121 897 1177 neque
921 1102 1029 1177 oppido
1052 1121 1179 1176 paruum
1201 1121 1250 1161 ne·

242 1210 297 1266 que
321 1192 408 1251 nimis
432 1191 543 1268 grande
566 1192 619 1266 sit,
647 1191 698 1251 sed
725 1195 870 1267 quantum
897 1191 970 1249 satis
998 1191 1036 1249 ad
1059 1209 1145 1248 usum
1168 1192 1250 1250 deco-

240 1300 374 1355 remque:
406 1280 510 1355 pluma
533 1281 645 1356 mollis,
669 1282 759 1357 caput
782 1282 934 1357 argutum,
956 1282 1086 1338 rostrum
1108 1279 1250 1338 ualidum.

201 1391 227 1428 10
240 1368 300 1427 iam
323 1370 386 1445 ipse
410 1370 471 1429 ales
494 1369 587 1429 oculis
616 1369 785 1447 perspicax,
813 1368 962 1445 unguibus
991 1359 1135 1444 pertinax.
1181 1389 1250 1426 nam

241 1458 275 1515 de
299 1459 395 1517 colore
423 1457 495 1533 quid
523 1457 638 1517 dicam?
675 1452 773 1538 [nam]
801 1477 868 1516 oum
895 1457 954 1516 duo
984 1457 1094 1516 colores
1117 1460 1249 1533 praesta-

239 1547 313 1605 biles
335 1548 446 1622 forent,
475 1547 576 1622 piceus
600 1550 630 1606 et
656 1548 777 1622 niueas,
808 1546 915 1622 quibus
942 1547 1020 1605 iuter
1050 1565 1080 1605 se
1099 1562 1161 1605 vuox
1183 1565 1250 1604 cum

240 1636 286 1694 die
310 1635 462 1710 differunt,
484 1639 644 1712 utrumque
667 1638 796 1696 colorem
818 1636 927 1711 Apollo
951 1636 1011 1694 suis
1035 1635 1157 1694 alitibus
1181 1654 1249 1694 oon-

239 1725 378 1799 donauit,
410 1725 566 1784 candidum
598 1727 686 1801 olori,
718 1726 839 1803 nigrum
870 1743 967 1783 ccruo.
1022 1723 1101 1799 quod
1132 1725 1258 1782 utinam·

199 1837 224 1874 15
239 1814 327 1872 sicuti
359 1834 453 1892 cygno
486 1818 607 1874 cantum
642 1815 789 1888 indulsit,
818 1814 862 1872 ita
893 1813 961 1872 huic
994 1830 1113 1888 quoque
1145 1833 1249 1872 uocem

238 1903 400 1979 tribuisset,
436 1923 473 1961 ne
505 1908 569 1962 tam
600 1903 726 1978 pulchra
758 1902 834 1978 ales,
867 1920 943 1976 quae
974 1921 1008 1959 ex
1040 1901 1120 1959 omni
1153 1902 1248 1961 auitio

238 1993 325 2069 longe
348 1992 515 2066 praecellit,
542 1993 661 2050 deliciae
682 1992 806 2065 facuadi
828 1991 888 2064 dci,
914 2009 987 2048 uoce
1011 1989 1137 2048 uiduata
1164 1994 1248 2049 muta

237 2081 355 2139 uiueret
383 2084 412 2140 et
440 2074 585 2159 elinguis?
631 2079 664 2138 id
690 2079 841 2138 ueroubi
869 2097 974 2137 coruus
1003 2078 1101 2153 audit,
1123 2078 1178 2137 hoc
1202 2098 1247 2137 so-

187 2146 226 2239 qs.
238 2171 302 2227 lum
325 2171 382 2229 sibi
404 2189 475 2246 prae
495 2169 598 2228 ceteris
618 2170 726 2245 deesse,
749 2169 821 2248 dum
839 2168 905 2227 uult
923 2168 1085 2227 clarissime
1103 2168 1249 2245 clangere,

199 2281 225 2319 20
239 2262 273 2316 ut
299 2279 336 2317 ne
363 2259 395 2316 id
422 2253 504 2337 [hoo]
534 2258 641 2339 saltem
671 2259 746 2318 olori
775 2256 960 2331 concederet,
991 2256 1101 2315 oblitus
1131 2256 1248 2331 offulae,

240 2365 329 2421 quam
363 2348 511 2406 mordicus
545 2347 706 2421 retinebat,
735 2350 801 2406 toto
833 2346 910 2405 rictu
941 2345 1040 2404 hiauit
1072 2349 1164 2421 atque
1195 2344 1250 2420 ita,

239 2436 317 2509 quod
348 2437 453 2495 uolatu
484 2440 654 2513 pepererat,
686 2440 777 2495 cantu
809 2434 922 2510 amisit3
955 2434 1106 2494 enimuero
1133 2435 1249 2510 uulpes,

191 2542 225 2592 11)
241 2524 318 2599 quod
351 2543 439 2583 cursu
473 2525 626 2603 amiserat,
659 2528 727 2584 astu
759 2523 956 2600 recuperauit.
1003 2524 1126 2582 eandem
1140 2533 1142 2536 ’
1157 2522 1249 2582 istam

307 2792 323 2837 2
352 2784 418 2852 quia
449 2783 575 2853 lapidem
606 2781 743 2850 nequibat
775 2781 838 2837 aaa.
867 2782 946 2836 Laid.
976 2780 1043 2849 quia
1069 2782 1171 2854 pedem
1198 2798 1246 2834 ne-

236 2855 336 2922 quibat
356 2856 481 2923 Laeljot.
512 2856 581 2909 Oad.
609 2859 715 2909 secutas
738 2850 805 2921 quia
828 2851 969 2921 alipedem
997 2852 1120 2935 (sequi)
1148 2853 1247 2920 nequi-

235 2924 285 2977 bat
315 2925 364 2978 Go.
384 2924 433 2991 qui
452 2924 593 2994 alipedem
610 2923 748 2992 nequibat
774 2922 912 2976 MMaPL
938 2922 1085 2993 (aliprdem
1108 2923 1147 2993 M)
1173 2939 1246 2991 quae

236 3011 306 3049 an.
327 2993 380 3048 (ΞΑ
470 2995 644 3049 3eademL
734 3000 749 3048 5
772 2996 864 3047 astum
888 2994 989 3047 adorsa
1008 2994 1062 3048 (ΞΑ
1153 2994 1245 3065 boui]

236 3083 299 3119 cum
317 3066 366 3118 PL
458 3072 492 3119 10
518 3065 606 3120 oculis
633 3081 791 3135 persequax
816 3065 872 3120 Ma.
964 3071 995 3119 11
1023 3066 1111 3136 [nam]
1138 3066 1247 3119 seclusit

240 3138 420 3190 Wilamowita
510 3143 544 3191 14
570 3137 722 3190 candidum
746 3136 873 3202 coloriP
964 3136 1088 3203 161111,
1115 3152 1188 3204 quae
1212 3153 1246 3189 ex

235 3207 310 3260 omni
325 3206 414 3260 auitio
433 3207 516 3279 longe
530 3208 686 3277 praecellit,
701 3207 819 3261 deliciae
833 3206 949 3260 facundi
964 3206 1018 3275 dei,
1037 3222 1107 3261 uoce
1125 3207 1244 3260 uiduata

234 3281 313 3331 muta
330 3278 440 3332 uiueret
459 3280 487 3332 et
506 3279 627 3350 elinguis
644 3280 743 3348 scripsi
761 3278 881 3332 deliciae
899 3277 986 3331 MFA
1004 3279 1039 3344 cf.
1054 3277 1243 3347 Mnemosyne.

235 3354 303 3403 1888
322 3368 349 3419 p.
371 3355 420 3403 157
441 3350 508 3418 ales,
527 3349 804 3419 quae-praecellit,
822 3365 891 3404 uoce
909 3349 1043 3417 uiduata,
1070 3348 1171 3402 delicie
1189 3348 1242 3401 fao.

234 3421 288 3487 dei,
307 3438 342 3475 m.
363 3438 389 3474 u.
409 3437 432 3475 e.
452 3438 475 3475 e.
498 3422 547 3477 Go.
639 3427 673 3475 20
695 3423 729 3475 nt
746 3437 783 3475 ne
804 3420 835 3473 id
853 3419 954 3474 saltem
971 3420 1070 3489 scripsi
1089 3437 1150 3474 cam
1168 3418 1193 3471 Α
1211 3422 1244 3472 ut

232 3509 268 3545 ne
286 3492 317 3544 id
335 3491 388 3545 hoc
407 3493 507 3546 saltem
525 3492 631 3562 (saltim
649 3492 681 3563 L)
700 3492 805 3547 GFPL
812 3536 905 3547 ......
913 3492 1043 3562 (spatium
1057 3496 1090 3544 28
1105 3492 1162 3558 fere
1181 3491 1243 3559 litt.)

232 3565 285 3616 hoc
309 3563 409 3617 saltem
431 3564 461 3617 M
489 3564 580 3618 isthoc
601 3564 670 3618 Oad.
699 3564 728 3617 in
750 3562 804 3617 hoc
829 3564 879 3617 Go.
903 3564 949 3617 sed
972 3564 1048 3617 lectio
1068 3569 1137 3617 aeta
1155 3568 1193 3616 esi
1211 3578 1244 3616 ea

231 3708 418 3778 dittoyraptia
435 3655 489 3760 iiio.⁰
556 3712 590 3761 21
610 3706 697 3779 rictu]
710 3721 759 3761 ore
775 3705 809 3759 u
879 3710 918 3757 m
933 3710 959 3761 ct
972 3708 1067 3755 1111
1082 3699 1191 3761 omps
1205 3695 1273 3741 Q&

229 3784 263 3829 23
281 3779 399 3832 eandem
418 3795 483 3833 eam
502 3778 596 3835 Man

269 3876 371 3919 Anum
383 3878 541 3935 Apologia
554 3886 579 3924 11
594 3883 735 3925 Florida.

1102 3851 1147 3897 Χῖ)
