3042 4300
634 1145 965 1229 PRAEFATIO.

745 1326 852 1333 ——

359 1434 394 1492 In
433 1434 546 1493 edenda
585 1434 733 1512 Apologia
771 1453 842 1494 usus
882 1453 944 1494 sum
986 1439 1106 1511 praeter
1143 1437 1303 1496 editionem

291 1523 527 1602 Kruegerianam
550 1525 717 1599 etreliqua
740 1523 884 1598 subsidia,
914 1543 989 1599 quae
1017 1545 1084 1584 mox
1111 1526 1303 1585 recensebun-

292 1616 364 1687 tur,>
384 1632 463 1671 noua
492 1614 649 1671 collatione
677 1612 820 1672 librorum
847 1613 1065 1672 Florentiorum
1088 1607 1185 1696 (Fa),
1214 1635 1304 1691 quam

292 1704 357 1777 ipse
381 1721 405 1760 a.
432 1703 516 1762 1897
541 1702 706 1760 Florentiae
735 1702 843 1780 degens
873 1703 1062 1762 confeceram.
1111 1703 1143 1761 Si
1171 1723 1242 1779 qua,
1270 1708 1304 1762 ut

292 1791 336 1865 fit,
359 1789 449 1849 dubia
472 1790 732 1865 subnascebantur,
755 1809 791 1849 ea
813 1792 903 1849 soluit
922 1792 1082 1868 discipulus
1101 1812 1193 1867 meus,
1217 1813 1302 1852 orna·

292 1881 424 1938 tissimus
448 1879 484 1938 A.
502 1880 539 1938 H.
558 1879 639 1953 Kan,
666 1899 733 1938 oum
759 1899 854 1956 nuper
877 1881 1043 1939 studiorum
1073 1900 1162 1940 causa
1191 1883 1303 1940 diutius

292 1970 325 2026 in
351 1968 442 2027 Italia
468 1972 640 2027 moraretur.
690 1969 794 2044 Neque
822 1970 938 2046 neglexi
967 1968 1201 2045 obseruationes,
1230 1989 1303 2046 quas

293 2056 327 2116 Ο.
341 2056 491 2118 Rossbach
508 2061 540 2117 in
553 2058 753 2116 Hebdomario
767 2057 951 2135 Philologico
966 2057 1150 2116 Berolinensi
1169 2079 1194 2117 a.
1217 2061 1301 2118 1897

294 2145 406 2222 publici
428 2147 500 2207 fecit
522 2151 603 2208 iuris,

361 2235 496 2312 collatio,
519 2257 577 2313 qua
584 2231 609 2319 ¹)
627 2241 659 2295 in
678 2238 791 2297 edenda
808 2237 956 2314 Apologia
974 2255 1044 2296 usus
1064 2240 1108 2296 est
1125 2237 1303 2316 Kruogerus,

293 2347 463 2403 quanquam
489 2327 744 2386 Hildebrandiana
773 2328 867 2385 multo
898 2329 1075 2401 accuratior,
1104 2330 1135 2385 in
1165 2329 1302 2403 plurimis

291 2420 392 2476 tamen
406 2419 477 2476 locis
496 2435 584 2475 uerae
602 2416 736 2475 codicum
754 2418 917 2492 scripturae
935 2436 994 2475 non
1013 2416 1178 2492 respondet.
1211 2416 1301 2474 Prae-

291 2509 375 2564 terea
395 2509 494 2565 textus
518 2525 585 2565 cum
602 2505 767 2583 Apologiae
790 2508 855 2564 tum
873 2505 1068 2581 Floridorum,
1092 2505 1128 2563 ab
1153 2508 1302 2581 antiquio-

291 2595 374 2653 ribus
393 2595 553 2655 editoribus
573 2598 603 2652 et
624 2594 836 2671 interpretibus
854 2594 956 2653 multis
976 2597 1151 2653 conieotrnis
1171 2597 1216 2653 est
1236 2613 1303 2653 con-

293 2702 423 2759 spersuS,
460 2703 535 2759 quae
572 2683 722 2742 doctrinae
760 2683 879 2759 quidem
911 2685 941 2740 et
977 2686 1149 2760 sagacitatis
1182 2684 1303 2741 illorum

291 2775 425 2831 uirorum
439 2773 621 2832 eruditorum
633 2773 900 2831 luculentissimum
914 2772 1071 2830 exhibeant
1089 2774 1302 2846 testimonium,

291 2864 403 2937 partim
425 2880 494 2921 vero
518 2863 578 2921 sint
600 2862 734 2934 inutiles,
756 2863 868 2937 partim
892 2861 929 2918 ad
952 2860 1043 2919 uerba
1066 2862 1218 2936 scriptoris
1241 2879 1301 2918 non

292 2952 365 3009 satis
397 2969 495 3026 presso
528 2969 558 3008 se
592 2951 749 3026 applicent.
804 2950 885 3008 Haec
917 2952 1017 3008 omnia
1051 2969 1118 3007 cum
1149 2949 1301 3026 Kruegero

292 3042 424 3115 repetere
455 3058 572 3098 necesse
604 3058 663 3097 non
694 3038 799 3112 habui,
834 3040 871 3096 iis
903 3040 1021 3096 tantum
1053 3038 1188 3111 delectis,
1225 3057 1301 3113 quae

293 3129 425 3188 melioris
447 3131 537 3187 notae
560 3147 623 3187 esse
645 3128 825 3186 uiderentur.

220 3236 224 3243 ⁴
291 3270 296 3276 .
360 3216 457 3276 Codex
470 3217 622 3276 Leidensis
640 3218 689 3274 uel
702 3215 915 3290 Domillianus‚
933 3215 1046 3291 dequo
1065 3218 1096 3272 in
1114 3215 1301 3290 praefatione

290 3307 577 3382 Metamorphoseon,
599 3325 653 3364 nec
676 3324 734 3364 non
757 3304 947 3380 Mnemosyne
973 3306 1068 3377 1896,
1090 3324 1118 3379 p.
1140 3306 1222 3379 2,10
1238 3323 1301 3380 sqq.

270 3395 427 3471 ·pluribus
456 3396 624 3470 disputaui,
653 3393 774 3452 Florida
803 3412 862 3451 non
892 3395 1023 3452 continet
1050 3411 1146 3467 neque
1170 3396 1201 3451 in
1224 3393 1304 3469 Apo·

371 3584 389 3651 ¹)
408 3583 477 3637 De
468 3583 577 3636 rncuria
596 3601 652 3652 qua
670 3582 726 3637 Jos.
746 3580 880 3647 Mueller
902 3580 1010 3648 quiin
1030 3580 1260 3648 gissandum
1257 3591 1328 3634 uu

294 3654 398 3707 librum
412 3654 609 3710 Florentinum
627 3654 764 3725 contulit
778 3669 902 3709 munere
918 3667 974 3704 suo
989 3650 1118 3701 iunctus
1134 3646 1246 3700 asnaa
1240 3644 1355 3680 ww

287 3725 428 3781 iudicium
448 3727 518 3785 tulit
505 3730 624 3789 tF1ed
641 3732 755 3804 noym:
756 3700 977 3795 Quaestiones
999 3697 1305 3831 bqpmdxamgnfl*
1295 3695 1334 3733 ·
