<?xml version="1.0" encoding="UTF-8"?>
<!DOCTYPE html PUBLIC "-//W3C//DTD XHTML 1.0 Transitional//EN"
    "http://www.w3.org/TR/xhtml1/DTD/xhtml1-transitional.dtd">
<html xmlns="http://www.w3.org/1999/xhtml" xml:lang="en" lang="en">
 <head>
  <title>
</title>
<meta http-equiv="Content-Type" content="text/html;charset=utf-8" />
  <meta name='ocr-system' content='tesseract 3.04.00' />
  <meta name='ocr-capabilities' content='ocr_page ocr_carea ocr_par ocr_line ocrx_word'/>
</head>
<body>
  <div class='ocr_page' id='page_1' title='image "./lvciiapvleimada00apulgoog_0135.png"; bbox 0 0 3042 4300; ppageno 0'>
   <div class='ocr_carea' id='block_1_1' title="bbox 644 398 1241 463">
    <p class='ocr_par' dir='ltr' id='par_1_1' title="bbox 644 398 1241 463">
     <span class='ocr_line' id='line_1_1' title="bbox 644 398 1241 463; baseline -0.005 -9"><span class='ocrx_word' id='word_1_1' title='bbox 644 398 828 455; x_wconf 80' lang='lat' dir='ltr'><strong>APOLOGIA</strong></span> <span class='ocrx_word' id='word_1_2' title='bbox 1180 400 1241 463; x_wconf 79' lang='lat'>121</span> 
     </span>
    </p>
   </div>
   <div class='ocr_carea' id='block_1_2' title="bbox 187 507 1343 646">
    <p class='ocr_par' dir='ltr' id='par_1_2' title="bbox 187 507 1343 646">
     <span class='ocr_line' id='line_1_2' title="bbox 187 507 1343 555; baseline 0.003 -4"><span class='ocrx_word' id='word_1_3' title='bbox 187 507 285 552; x_wconf 67' lang='lat' dir='ltr'>mons.</span> <span class='ocrx_word' id='word_1_4' title='bbox 1165 509 1181 548; x_wconf 83' lang='lat' dir='ltr'>r.</span> <span class='ocrx_word' id='word_1_5' title='bbox 1195 512 1257 552; x_wconf 75' lang='lat' dir='ltr'>rara.</span> <span class='ocrx_word' id='word_1_6' title='bbox 1271 512 1288 552; x_wconf 79' lang='lat' dir='ltr'>t.</span> <span class='ocrx_word' id='word_1_7' title='bbox 1302 514 1343 555; x_wconf 81' lang='lat' dir='ltr'>aaa</span> 
     </span>
     <span class='ocr_line' id='line_1_3' title="bbox 232 568 1245 646; baseline -0.001 -16"><span class='ocrx_word' id='word_1_8' title='bbox 232 570 405 631; x_wconf 85' lang='lat' dir='ltr'>ualetudine</span> <span class='ocrx_word' id='word_1_9' title='bbox 428 571 575 645; x_wconf 78' lang='lat' dir='ltr'><strong><em>scriberet,</em></strong></span> <span class='ocrx_word' id='word_1_10' title='bbox 604 570 655 629; x_wconf 93' lang='lat' dir='ltr'>diu</span> <span class='ocrx_word' id='word_1_11' title='bbox 682 588 748 630; x_wconf 90' lang='lat' dir='ltr'>sum</span> <span class='ocrx_word' id='word_1_12' title='bbox 772 568 912 628; x_wconf 87' lang='lat' dir='ltr'>aduersus</span> <span class='ocrx_word' id='word_1_13' title='bbox 939 569 1024 628; x_wconf 91' lang='lat' dir='ltr'>illam</span> <span class='ocrx_word' id='word_1_14' title='bbox 1051 569 1179 646; x_wconf 86' lang='lat' dir='ltr'>renisus,</span> <span class='ocrx_word' id='word_1_15' title='bbox 1208 589 1245 629; x_wconf 90' lang='lat' dir='ltr'>ne</span> 
     </span>
    </p>
   </div>
   <div class='ocr_carea' id='block_1_3' title="bbox 187 653 1343 2962">
    <p class='ocr_par' dir='ltr' id='par_1_3' title="bbox 187 653 1343 2962">
     <span class='ocr_line' id='line_1_4' title="bbox 231 653 1343 738; baseline 0.002 -20"><span class='ocrx_word' id='word_1_16' title='bbox 231 658 311 719; x_wconf 87' lang='lat' dir='ltr'>hunc</span> <span class='ocrx_word' id='word_1_17' title='bbox 334 659 371 720; x_wconf 92' lang='lat' dir='ltr'>ob</span> <span class='ocrx_word' id='word_1_18' title='bbox 393 663 441 720; x_wconf 89' lang='lat' dir='ltr'>tot</span> <span class='ocrx_word' id='word_1_19' title='bbox 463 661 588 738; x_wconf 81' lang='lat' dir='ltr'>insignis</span> <span class='ocrx_word' id='word_1_20' title='bbox 612 659 815 733; x_wconf 73' lang='lat' dir='ltr'>contumelias,</span> <span class='ocrx_word' id='word_1_21' title='bbox 839 658 875 717; x_wconf 94' lang='lat' dir='ltr'>ob</span> <span class='ocrx_word' id='word_1_22' title='bbox 894 661 941 717; x_wconf 87' lang='lat' dir='ltr'>tot</span> <span class='ocrx_word' id='word_1_23' title='bbox 958 659 1082 718; x_wconf 89' lang='lat' dir='ltr'>iniurias</span> <span class='ocrx_word' id='word_1_24' title='bbox 1100 653 1111 737; x_wconf 70' lang='lat' dir='ltr'>ll</span> <span class='ocrx_word' id='word_1_25' title='bbox 1129 659 1246 720; x_wconf 85' lang='lat' dir='ltr'>exhere-</span> <span class='ocrx_word' id='word_1_26' title='bbox 1261 679 1276 720; x_wconf 82' lang='lat' dir='ltr'>r.</span> <span class='ocrx_word' id='word_1_27' title='bbox 1290 679 1343 720; x_wconf 71' lang='lat' dir='ltr'>ras·</span> 
     </span>
     <span class='ocr_line' id='line_1_5' title="bbox 187 746 1247 826; baseline 0.003 -20"><span class='ocrx_word' id='word_1_28' title='bbox 187 763 219 816; x_wconf 78' lang='lat' dir='ltr'>rs)</span> <span class='ocrx_word' id='word_1_29' title='bbox 234 747 327 808; x_wconf 88' lang='lat' dir='ltr'>daret.</span> <span class='ocrx_word' id='word_1_30' title='bbox 382 749 513 826; x_wconf 83' lang='lat' dir='ltr'>elogium</span> <span class='ocrx_word' id='word_1_31' title='bbox 544 748 754 825; x_wconf 86' lang='lat' dir='ltr'>grauissimum</span> <span class='ocrx_word' id='word_1_32' title='bbox 790 748 850 806; x_wconf 91' lang='lat' dir='ltr'>iam</span> <span class='ocrx_word' id='word_1_33' title='bbox 881 749 979 807; x_wconf 89' lang='lat' dir='ltr'>totum</span> <span class='ocrx_word' id='word_1_34' title='bbox 1014 746 1128 807; x_wconf 89' lang='lat' dir='ltr'>medius</span> <span class='ocrx_word' id='word_1_35' title='bbox 1158 747 1247 809; x_wconf 90' lang='lat' dir='ltr'>fidius</span> 
     </span>
     <span class='ocr_line' id='line_1_6' title="bbox 234 836 1247 916; baseline 0 -19"><span class='ocrx_word' id='word_1_36' title='bbox 234 839 432 916; x_wconf 89' lang='lat' dir='ltr'>perscriptum</span> <span class='ocrx_word' id='word_1_37' title='bbox 446 842 481 899; x_wconf 89' lang='lat' dir='ltr'>ut</span> <span class='ocrx_word' id='word_1_38' title='bbox 495 838 635 912; x_wconf 87' lang='lat' dir='ltr'>aboleret,</span> <span class='ocrx_word' id='word_1_39' title='bbox 653 836 795 915; x_wconf 80' lang='lat' dir='ltr'><strong>impensis</strong></span> <span class='ocrx_word' id='word_1_40' title='bbox 810 837 945 913; x_wconf 90' lang='lat' dir='ltr'>precibus</span> <span class='ocrx_word' id='word_1_41' title='bbox 961 839 1052 895; x_wconf 91' lang='lat' dir='ltr'>oraui.</span> <span class='ocrx_word' id='word_1_42' title='bbox 1089 839 1247 914; x_wconf 88' lang='lat' dir='ltr'>postremo,</span> 
     </span>
     <span class='ocr_line' id='line_1_7' title="bbox 205 926 1247 1005; baseline -0.003 -17"><span class='ocrx_word' id='word_1_43' title='bbox 205 929 266 988; x_wconf 81' lang='lat' dir='ltr'>sni</span> <span class='ocrx_word' id='word_1_44' title='bbox 288 928 496 1005; x_wconf 74' lang='lat' dir='ltr'>impetrarem,</span> <span class='ocrx_word' id='word_1_45' title='bbox 525 927 712 986; x_wconf 87' lang='lat' dir='ltr'>diuersurum</span> <span class='ocrx_word' id='word_1_46' title='bbox 740 946 788 985; x_wconf 89' lang='lat' dir='ltr'>ma</span> <span class='ocrx_word' id='word_1_47' title='bbox 819 926 855 985; x_wconf 97' lang='lat' dir='ltr'>ab</span> <span class='ocrx_word' id='word_1_48' title='bbox 884 946 918 986; x_wconf 92' lang='lat' dir='ltr'>ea</span> <span class='ocrx_word' id='word_1_49' title='bbox 948 927 1143 986; x_wconf 87' lang='lat' dir='ltr'>comminatus</span> <span class='ocrx_word' id='word_1_50' title='bbox 1166 945 1247 986; x_wconf 88' lang='lat' dir='ltr'>sum:</span> 
     </span>
     <span class='ocr_line' id='line_1_8' title="bbox 234 1015 1247 1091; baseline -0.003 -16"><span class='ocrx_word' id='word_1_51' title='bbox 234 1015 310 1075; x_wconf 91' lang='lat' dir='ltr'>mihi</span> <span class='ocrx_word' id='word_1_52' title='bbox 332 1017 410 1075; x_wconf 88' lang='lat' dir='ltr'>hanc</span> <span class='ocrx_word' id='word_1_53' title='bbox 431 1017 550 1075; x_wconf 87' lang='lat' dir='ltr'>ueniam</span> <span class='ocrx_word' id='word_1_54' title='bbox 571 1017 729 1091; x_wconf 73' lang='lat' dir='ltr'>tribueret,</span> <span class='ocrx_word' id='word_1_55' title='bbox 756 1016 870 1073; x_wconf 86' lang='lat' dir='ltr'>malum</span> <span class='ocrx_word' id='word_1_56' title='bbox 896 1015 992 1074; x_wconf 89' lang='lat' dir='ltr'>filium</span> <span class='ocrx_word' id='word_1_57' title='bbox 1018 1015 1159 1074; x_wconf 90' lang='lat' dir='ltr'>beneficio</span> <span class='ocrx_word' id='word_1_58' title='bbox 1182 1016 1247 1073; x_wconf 88' lang='lat' dir='ltr'>uin-</span> 
     </span>
     <span class='ocr_line' id='line_1_9' title="bbox 235 1104 1248 1180; baseline -0.003 -15"><span class='ocrx_word' id='word_1_59' title='bbox 235 1108 324 1180; x_wconf 87' lang='lat' dir='ltr'>cerat,</span> <span class='ocrx_word' id='word_1_60' title='bbox 346 1125 394 1164; x_wconf 89' lang='lat' dir='ltr'>mc</span> <span class='ocrx_word' id='word_1_61' title='bbox 415 1104 531 1164; x_wconf 86' lang='lat' dir='ltr'>inuidia</span> <span class='ocrx_word' id='word_1_62' title='bbox 555 1106 635 1164; x_wconf 91' lang='lat' dir='ltr'>omni</span> <span class='ocrx_word' id='word_1_63' title='bbox 657 1105 806 1163; x_wconf 89' lang='lat' dir='ltr'>liberaret.</span> <span class='ocrx_word' id='word_1_64' title='bbox 852 1123 905 1164; x_wconf 87' lang='lat' dir='ltr'>nec</span> <span class='ocrx_word' id='word_1_65' title='bbox 927 1105 1010 1180; x_wconf 90' lang='lat' dir='ltr'>prius</span> <span class='ocrx_word' id='word_1_66' title='bbox 1034 1105 1136 1165; x_wconf 84' lang='lat' dir='ltr'>destiti</span> <span class='ocrx_word' id='word_1_67' title='bbox 1159 1124 1248 1180; x_wconf 90' lang='lat' dir='ltr'>quam</span> 
     </span>
     <span class='ocr_line' id='line_1_10' title="bbox 234 1192 1311 1270; baseline 0.001 -18"><span class='ocrx_word' id='word_1_68' title='bbox 234 1195 280 1253; x_wconf 89' lang='lat' dir='ltr'>ita</span> <span class='ocrx_word' id='word_1_69' title='bbox 301 1194 382 1254; x_wconf 89' lang='lat' dir='ltr'>fecit.</span> <span class='ocrx_word' id='word_1_70' title='bbox 418 1192 503 1253; x_wconf 86' lang='lat' dir='ltr'>doleo</span> <span class='ocrx_word' id='word_1_71' title='bbox 525 1213 572 1253; x_wconf 88' lang='lat' dir='ltr'>me</span> <span class='ocrx_word' id='word_1_72' title='bbox 593 1194 687 1252; x_wconf 87' lang='lat' dir='ltr'>hunce</span> <span class='ocrx_word' id='word_1_73' title='bbox 706 1194 879 1268; x_wconf 88' lang='lat' dir='ltr'>scrupulum</span> <span class='ocrx_word' id='word_1_74' title='bbox 892 1193 1061 1253; x_wconf 88' lang='lat' dir='ltr'>Aemiliano</span> <span class='ocrx_word' id='word_1_75' title='bbox 1079 1194 1249 1270; x_wconf 83' lang='lat' dir='ltr'>dempsisse,</span> <span class='ocrx_word' id='word_1_76' title='bbox 1309 1229 1311 1233; x_wconf 32' lang='grc' dir='ltr'><em>ν</em></span> 
     </span>
     <span class='ocr_line' id='line_1_11' title="bbox 235 1279 1249 1361; baseline 0 -19"><span class='ocrx_word' id='word_1_77' title='bbox 235 1286 299 1342; x_wconf 88' lang='lat' dir='ltr'>tam</span> <span class='ocrx_word' id='word_1_78' title='bbox 317 1283 504 1360; x_wconf 75' lang='lat' dir='ltr'>inopinatam</span> <span class='ocrx_word' id='word_1_79' title='bbox 522 1279 660 1343; x_wconf 76' lang='lat' dir='ltr'>semitam</span> <span class='ocrx_word' id='word_1_80' title='bbox 678 1281 833 1341; x_wconf 87' lang='lat' dir='ltr'>indicasse.</span> <span class='ocrx_word' id='word_1_81' title='bbox 861 1285 962 1361; x_wconf 88' lang='lat' dir='ltr'>specta</span> <span class='ocrx_word' id='word_1_82' title='bbox 977 1302 1094 1359; x_wconf 88' lang='lat' dir='ltr'>quaeso,</span> <span class='ocrx_word' id='word_1_83' title='bbox 1112 1283 1249 1358; x_wconf 85' lang='lat' dir='ltr'>Maximo,</span> 
     </span>
     <span class='ocr_line' id='line_1_12' title="bbox 187 1371 1249 1448; baseline 0.005 -22"><span class='ocrx_word' id='word_1_84' title='bbox 187 1375 273 1431; x_wconf 65' lang='lat' dir='ltr'>arsut</span> <span class='ocrx_word' id='word_1_85' title='bbox 295 1371 376 1432; x_wconf 88' lang='lat' dir='ltr'>hisce</span> <span class='ocrx_word' id='word_1_86' title='bbox 404 1372 513 1432; x_wconf 88' lang='lat' dir='ltr'>auditis</span> <span class='ocrx_word' id='word_1_87' title='bbox 541 1373 639 1433; x_wconf 90' lang='lat' dir='ltr'>subito</span> <span class='ocrx_word' id='word_1_88' title='bbox 667 1373 857 1448; x_wconf 85' lang='lat' dir='ltr'>obstipuerit,</span> <span class='ocrx_word' id='word_1_89' title='bbox 889 1375 925 1431; x_wconf 88' lang='lat' dir='ltr'>ut</span> <span class='ocrx_word' id='word_1_90' title='bbox 952 1374 1051 1432; x_wconf 87' lang='lat' dir='ltr'>oculos</span> <span class='ocrx_word' id='word_1_91' title='bbox 1079 1373 1117 1431; x_wconf 88' lang='lat' dir='ltr'>ad</span> <span class='ocrx_word' id='word_1_92' title='bbox 1138 1376 1249 1431; x_wconf 84' lang='lat' dir='ltr'>terram</span> 
     </span>
     <span class='ocr_line' id='line_1_13' title="bbox 195 1461 1249 1538; baseline 0 -17"><span class='ocrx_word' id='word_1_93' title='bbox 195 1482 222 1521; x_wconf 90' lang='lat'>11</span> <span class='ocrx_word' id='word_1_94' title='bbox 237 1462 405 1521; x_wconf 87' lang='lat' dir='ltr'>demiserit:</span> <span class='ocrx_word' id='word_1_95' title='bbox 427 1461 506 1521; x_wconf 89' lang='lat' dir='ltr'>enim</span> <span class='ocrx_word' id='word_1_96' title='bbox 527 1462 616 1538; x_wconf 83' lang='lat' dir='ltr'>longe</span> <span class='ocrx_word' id='word_1_97' title='bbox 640 1463 759 1537; x_wconf 89' lang='lat' dir='ltr'>sequius</span> <span class='ocrx_word' id='word_1_98' title='bbox 782 1464 866 1521; x_wconf 88' lang='lat' dir='ltr'>ratus</span> <span class='ocrx_word' id='word_1_99' title='bbox 889 1463 997 1537; x_wconf 87' lang='lat' dir='ltr'>fuerat,</span> <span class='ocrx_word' id='word_1_100' title='bbox 1019 1480 1073 1522; x_wconf 91' lang='lat' dir='ltr'>nec</span> <span class='ocrx_word' id='word_1_101' title='bbox 1095 1463 1249 1521; x_wconf 87' lang='lat' dir='ltr'>inmerito:</span> 
     </span>
     <span class='ocr_line' id='line_1_14' title="bbox 236 1550 1250 1626; baseline 0.001 -18"><span class='ocrx_word' id='word_1_102' title='bbox 236 1551 392 1609; x_wconf 86' lang='lat' dir='ltr'>mulierem</span> <span class='ocrx_word' id='word_1_103' title='bbox 410 1550 466 1608; x_wconf 91' lang='lat' dir='ltr'>filii</span> <span class='ocrx_word' id='word_1_104' title='bbox 484 1551 670 1610; x_wconf 88' lang='lat' dir='ltr'>contumeliis</span> <span class='ocrx_word' id='word_1_105' title='bbox 693 1552 842 1626; x_wconf 77' lang='lat' dir='ltr'>infestam,</span> <span class='ocrx_word' id='word_1_106' title='bbox 864 1552 938 1610; x_wconf 84' lang='lat' dir='ltr'>meis</span> <span class='ocrx_word' id='word_1_107' title='bbox 957 1550 1062 1611; x_wconf 84' lang='lat' dir='ltr'>officiis</span> <span class='ocrx_word' id='word_1_108' title='bbox 1081 1551 1250 1611; x_wconf 88' lang='lat' dir='ltr'>deuinctam</span> 
     </span>
     <span class='ocr_line' id='line_1_15' title="bbox 238 1639 1250 1716; baseline -0.001 -17"><span class='ocrx_word' id='word_1_109' title='bbox 238 1639 357 1699; x_wconf 86' lang='lat' dir='ltr'>sciebat.</span> <span class='ocrx_word' id='word_1_110' title='bbox 409 1639 445 1699; x_wconf 91' lang='lat' dir='ltr'>de</span> <span class='ocrx_word' id='word_1_111' title='bbox 478 1659 525 1698; x_wconf 91' lang='lat' dir='ltr'>ma</span> <span class='ocrx_word' id='word_1_112' title='bbox 558 1658 675 1716; x_wconf 90' lang='lat' dir='ltr'>quoque</span> <span class='ocrx_word' id='word_1_113' title='bbox 707 1641 766 1698; x_wconf 84' lang='lat' dir='ltr'>fuit</span> <span class='ocrx_word' id='word_1_114' title='bbox 793 1639 874 1715; x_wconf 92' lang='lat' dir='ltr'>quod</span> <span class='ocrx_word' id='word_1_115' title='bbox 904 1642 1038 1700; x_wconf 86' lang='lat' dir='ltr'>timeret:</span> <span class='ocrx_word' id='word_1_116' title='bbox 1071 1641 1169 1716; x_wconf 88' lang='lat' dir='ltr'>quiuis</span> <span class='ocrx_word' id='word_1_117' title='bbox 1201 1641 1250 1699; x_wconf 89' lang='lat' dir='ltr'>uel</span> 
     </span>
     <span class='ocr_line' id='line_1_16' title="bbox 239 1729 1250 1806; baseline 0 -18"><span class='ocrx_word' id='word_1_118' title='bbox 239 1747 331 1804; x_wconf 90' lang='lat' dir='ltr'>aequa</span> <span class='ocrx_word' id='word_1_119' title='bbox 354 1730 390 1788; x_wconf 90' lang='lat' dir='ltr'>ut</span> <span class='ocrx_word' id='word_1_120' title='bbox 413 1747 467 1806; x_wconf 84' lang='lat' dir='ltr'>ago</span> <span class='ocrx_word' id='word_1_121' title='bbox 486 1747 626 1806; x_wconf 85' lang='lat' dir='ltr'>spernens</span> <span class='ocrx_word' id='word_1_122' title='bbox 643 1729 827 1804; x_wconf 88' lang='lat' dir='ltr'>hereditatis,</span> <span class='ocrx_word' id='word_1_123' title='bbox 850 1730 951 1787; x_wconf 89' lang='lat' dir='ltr'>tamen</span> <span class='ocrx_word' id='word_1_124' title='bbox 969 1730 1115 1789; x_wconf 81' lang='lat' dir='ltr'>uindicari</span> <span class='ocrx_word' id='word_1_125' title='bbox 1133 1729 1169 1788; x_wconf 87' lang='lat' dir='ltr'>dc</span> <span class='ocrx_word' id='word_1_126' title='bbox 1187 1732 1250 1788; x_wconf 87' lang='lat' dir='ltr'>tam</span> 
     </span>
     <span class='ocr_line' id='line_1_17' title="bbox 196 1817 1249 1895; baseline -0.002 -17"><span class='ocrx_word' id='word_1_127' title='bbox 196 1835 224 1878; x_wconf 78' lang='lat' dir='ltr'>ro</span> <span class='ocrx_word' id='word_1_128' title='bbox 237 1817 403 1877; x_wconf 85' lang='lat' dir='ltr'>inofficioso</span> <span class='ocrx_word' id='word_1_129' title='bbox 426 1818 565 1895; x_wconf 82' lang='lat' dir='ltr'>priuigno</span> <span class='ocrx_word' id='word_1_130' title='bbox 588 1836 647 1877; x_wconf 88' lang='lat' dir='ltr'>non</span> <span class='ocrx_word' id='word_1_131' title='bbox 669 1820 843 1877; x_wconf 88' lang='lat' dir='ltr'>recusasset.</span> <span class='ocrx_word' id='word_1_132' title='bbox 888 1818 961 1876; x_wconf 90' lang='lat' dir='ltr'>haec</span> <span class='ocrx_word' id='word_1_133' title='bbox 987 1819 1146 1894; x_wconf 89' lang='lat' dir='ltr'>praecipue</span> <span class='ocrx_word' id='word_1_134' title='bbox 1170 1817 1249 1877; x_wconf 91' lang='lat' dir='ltr'>solli-</span> 
     </span>
     <span class='ocr_line' id='line_1_18' title="bbox 238 1905 1250 1967; baseline -0.001 -1"><span class='ocrx_word' id='word_1_135' title='bbox 238 1906 338 1966; x_wconf 89' lang='lat' dir='ltr'>citudo</span> <span class='ocrx_word' id='word_1_136' title='bbox 362 1925 411 1966; x_wconf 87' lang='lat' dir='ltr'>eos</span> <span class='ocrx_word' id='word_1_137' title='bbox 439 1907 478 1966; x_wconf 88' lang='lat' dir='ltr'>ad</span> <span class='ocrx_word' id='word_1_138' title='bbox 507 1908 725 1967; x_wconf 81' lang='lat' dir='ltr'>accusationem</span> <span class='ocrx_word' id='word_1_139' title='bbox 751 1907 812 1966; x_wconf 89' lang='lat' dir='ltr'>mai</span> <span class='ocrx_word' id='word_1_140' title='bbox 843 1905 1023 1965; x_wconf 87' lang='lat' dir='ltr'>stimulauit:</span> <span class='ocrx_word' id='word_1_141' title='bbox 1054 1906 1250 1966; x_wconf 83' lang='lat' dir='ltr'>hereditatem</span> 
     </span>
     <span class='ocr_line' id='line_1_19' title="bbox 238 1995 1248 2055; baseline -0.002 0"><span class='ocrx_word' id='word_1_142' title='bbox 238 2015 356 2055; x_wconf 90' lang='lat' dir='ltr'>omnam</span> <span class='ocrx_word' id='word_1_143' title='bbox 378 1995 453 2054; x_wconf 88' lang='lat' dir='ltr'>mihi</span> <span class='ocrx_word' id='word_1_144' title='bbox 475 1996 611 2055; x_wconf 87' lang='lat' dir='ltr'>relictam</span> <span class='ocrx_word' id='word_1_145' title='bbox 632 1996 709 2055; x_wconf 83' lang='lat' dir='ltr'>falso</span> <span class='ocrx_word' id='word_1_146' title='bbox 733 2015 768 2055; x_wconf 82' lang='lat' dir='ltr'>ax</span> <span class='ocrx_word' id='word_1_147' title='bbox 796 2014 850 2055; x_wconf 91' lang='lat' dir='ltr'>sua</span> <span class='ocrx_word' id='word_1_148' title='bbox 881 1995 1009 2053; x_wconf 86' lang='lat' dir='ltr'>auaritia</span> <span class='ocrx_word' id='word_1_149' title='bbox 1039 1996 1248 2054; x_wconf 89' lang='lat' dir='ltr'>coniectauere.</span> 
     </span>
     <span class='ocr_line' id='line_1_20' title="bbox 239 2084 1249 2163; baseline -0.002 -19"><span class='ocrx_word' id='word_1_150' title='bbox 239 2085 322 2145; x_wconf 86' lang='lat' dir='ltr'>soluo</span> <span class='ocrx_word' id='word_1_151' title='bbox 354 2103 409 2144; x_wconf 90' lang='lat' dir='ltr'>uos</span> <span class='ocrx_word' id='word_1_152' title='bbox 439 2085 474 2143; x_wconf 54' lang='lat' dir='ltr'>in&gt;</span> <span class='ocrx_word' id='word_1_153' title='bbox 503 2087 698 2163; x_wconf 88' lang='lat' dir='ltr'>praeteritum</span> <span class='ocrx_word' id='word_1_154' title='bbox 729 2085 788 2144; x_wconf 87' lang='lat' dir='ltr'>isto</span> <span class='ocrx_word' id='word_1_155' title='bbox 818 2087 908 2142; x_wconf 88' lang='lat' dir='ltr'>matu.</span> <span class='ocrx_word' id='word_1_156' title='bbox 958 2103 1086 2160; x_wconf 89' lang='lat' dir='ltr'>namque</span> <span class='ocrx_word' id='word_1_157' title='bbox 1119 2084 1249 2142; x_wconf 88' lang='lat' dir='ltr'>animum</span> 
     </span>
     <span class='ocr_line' id='line_1_21' title="bbox 238 2174 1250 2251; baseline 0 -18"><span class='ocrx_word' id='word_1_158' title='bbox 238 2193 339 2235; x_wconf 89' lang='lat' dir='ltr'>meum</span> <span class='ocrx_word' id='word_1_159' title='bbox 360 2195 455 2251; x_wconf 90' lang='lat' dir='ltr'>neque</span> <span class='ocrx_word' id='word_1_160' title='bbox 477 2175 651 2234; x_wconf 88' lang='lat' dir='ltr'>hereditatis</span> <span class='ocrx_word' id='word_1_161' title='bbox 674 2193 770 2251; x_wconf 88' lang='lat' dir='ltr'>neque</span> <span class='ocrx_word' id='word_1_162' title='bbox 793 2174 916 2233; x_wconf 89' lang='lat' dir='ltr'>ultionis</span> <span class='ocrx_word' id='word_1_163' title='bbox 935 2175 1050 2233; x_wconf 86' lang='lat' dir='ltr'>occasio</span> <span class='ocrx_word' id='word_1_164' title='bbox 1067 2174 1168 2251; x_wconf 89' lang='lat' dir='ltr'>potuit</span> <span class='ocrx_word' id='word_1_165' title='bbox 1185 2174 1250 2233; x_wconf 92' lang='lat' dir='ltr'>loco</span> 
     </span>
     <span class='ocr_line' id='line_1_22' title="bbox 201 2263 1250 2342; baseline -0.004 -18"><span class='ocrx_word' id='word_1_166' title='bbox 201 2264 403 2325; x_wconf 77' lang='lat' dir='ltr'>rsdemouere.</span> <span class='ocrx_word' id='word_1_167' title='bbox 449 2266 583 2342; x_wconf 84' lang='lat' dir='ltr'>pugnaui</span> <span class='ocrx_word' id='word_1_168' title='bbox 607 2283 671 2322; x_wconf 90' lang='lat' dir='ltr'>cum</span> <span class='ocrx_word' id='word_1_169' title='bbox 700 2265 779 2322; x_wconf 87' lang='lat' dir='ltr'>irata</span> <span class='ocrx_word' id='word_1_170' title='bbox 805 2265 901 2322; x_wconf 92' lang='lat' dir='ltr'>matre</span> <span class='ocrx_word' id='word_1_171' title='bbox 929 2282 983 2339; x_wconf 92' lang='lat' dir='ltr'>pro</span> <span class='ocrx_word' id='word_1_172' title='bbox 1009 2263 1149 2340; x_wconf 85' lang='lat' dir='ltr'>priuigno</span> <span class='ocrx_word' id='word_1_173' title='bbox 1172 2263 1250 2321; x_wconf 91' lang='lat' dir='ltr'>malo</span> 
     </span>
     <span class='ocr_line' id='line_1_23' title="bbox 239 2352 1251 2430; baseline -0.003 -18"><span class='ocrx_word' id='word_1_174' title='bbox 239 2355 375 2429; x_wconf 87' lang='lat' dir='ltr'>uitricus,</span> <span class='ocrx_word' id='word_1_175' title='bbox 397 2353 493 2414; x_wconf 90' lang='lat' dir='ltr'>ueluti</span> <span class='ocrx_word' id='word_1_176' title='bbox 515 2356 601 2430; x_wconf 88' lang='lat' dir='ltr'>pater</span> <span class='ocrx_word' id='word_1_177' title='bbox 624 2372 678 2429; x_wconf 89' lang='lat' dir='ltr'>pro</span> <span class='ocrx_word' id='word_1_178' title='bbox 702 2353 815 2429; x_wconf 90' lang='lat' dir='ltr'>optimo</span> <span class='ocrx_word' id='word_1_179' title='bbox 838 2352 900 2411; x_wconf 92' lang='lat' dir='ltr'>filio</span> <span class='ocrx_word' id='word_1_180' title='bbox 925 2352 1066 2411; x_wconf 85' lang='lat' dir='ltr'>aduersus</span> <span class='ocrx_word' id='word_1_181' title='bbox 1084 2370 1251 2427; x_wconf 86' lang='lat' dir='ltr'>nouercam,</span> 
     </span>
     <span class='ocr_line' id='line_1_24' title="bbox 239 2433 1342 2522; baseline -0.004 -21"><span class='ocrx_word' id='word_1_182' title='bbox 239 2461 293 2502; x_wconf 89' lang='lat' dir='ltr'>neo</span> <span class='ocrx_word' id='word_1_183' title='bbox 323 2443 396 2502; x_wconf 92' lang='lat' dir='ltr'>satis</span> <span class='ocrx_word' id='word_1_184' title='bbox 425 2443 497 2517; x_wconf 88' lang='lat' dir='ltr'>fuit,</span> <span class='ocrx_word' id='word_1_185' title='bbox 528 2444 558 2500; x_wconf 91' lang='lat' dir='ltr'>ni</span> <span class='ocrx_word' id='word_1_186' title='bbox 591 2443 686 2501; x_wconf 90' lang='lat' dir='ltr'>bonae</span> <span class='ocrx_word' id='word_1_187' title='bbox 717 2443 817 2501; x_wconf 84' lang='lat' dir='ltr'>uxoris</span> <span class='ocrx_word' id='word_1_188' title='bbox 847 2442 994 2518; x_wconf 83' lang='lat' dir='ltr'>prolixam</span> <span class='ocrx_word' id='word_1_189' title='bbox 1014 2433 1019 2522; x_wconf 82' lang='lat' dir='ltr'>l</span> <span class='ocrx_word' id='word_1_190' title='bbox 1039 2441 1250 2501; x_wconf 84' lang='lat' dir='ltr'>liberalitatem</span> <span class='ocrx_word' id='word_1_191' title='bbox 1264 2460 1279 2497; x_wconf 85' lang='lat' dir='ltr'>r.</span> <span class='ocrx_word' id='word_1_192' title='bbox 1294 2460 1342 2499; x_wconf 71' lang='lat' dir='ltr'>ara.</span> 
     </span>
     <span class='ocr_line' id='line_1_25' title="bbox 187 2532 904 2607; baseline 0.003 -20"><span class='ocrx_word' id='word_1_193' title='bbox 187 2546 225 2597; x_wconf 80' lang='lat' dir='ltr'>ur)</span> <span class='ocrx_word' id='word_1_194' title='bbox 240 2534 318 2592; x_wconf 89' lang='lat' dir='ltr'>circa</span> <span class='ocrx_word' id='word_1_195' title='bbox 340 2550 388 2589; x_wconf 91' lang='lat' dir='ltr'>me</span> <span class='ocrx_word' id='word_1_196' title='bbox 409 2533 502 2590; x_wconf 91' lang='lat' dir='ltr'>nimio</span> <span class='ocrx_word' id='word_1_197' title='bbox 524 2532 592 2607; x_wconf 89' lang='lat' dir='ltr'>plus</span> <span class='ocrx_word' id='word_1_198' title='bbox 608 2544 710 2606; x_wconf 80' lang='lat' dir='ltr'>¹aequo</span> <span class='ocrx_word' id='word_1_199' title='bbox 733 2549 904 2591; x_wconf 87' lang='lat' dir='ltr'>coercerem.</span> 
     </span>
     <span class='ocr_line' id='line_1_26' title="bbox 309 2618 1292 2694; baseline -0.001 -14"><span class='ocrx_word' id='word_1_200' title='bbox 309 2619 387 2680; x_wconf 83' lang='lat' dir='ltr'>Gado</span> <span class='ocrx_word' id='word_1_201' title='bbox 405 2623 440 2678; x_wconf 90' lang='lat' dir='ltr'>tu</span> <span class='ocrx_word' id='word_1_202' title='bbox 457 2622 670 2680; x_wconf 84' lang='lat' dir='ltr'>testamentum</span> <span class='ocrx_word' id='word_1_203' title='bbox 688 2620 749 2678; x_wconf 88' lang='lat' dir='ltr'>iam</span> <span class='ocrx_word' id='word_1_204' title='bbox 767 2621 888 2679; x_wconf 90' lang='lat' dir='ltr'>inimico</span> <span class='ocrx_word' id='word_1_205' title='bbox 906 2618 968 2679; x_wconf 88' lang='lat' dir='ltr'>filio</span> <span class='ocrx_word' id='word_1_206' title='bbox 988 2639 1005 2677; x_wconf 92' lang='lat' dir='ltr'>a</span> <span class='ocrx_word' id='word_1_207' title='bbox 1023 2623 1119 2679; x_wconf 85' lang='lat' dir='ltr'>matre</span> <span class='ocrx_word' id='word_1_208' title='bbox 1132 2620 1292 2694; x_wconf 79' lang='lat' dir='ltr'>factum,(}</span> 
     </span>
     <span class='ocr_line' id='line_1_27' title="bbox 202 2708 1252 2786; baseline -0.003 -16"><span class='ocrx_word' id='word_1_209' title='bbox 202 2727 227 2770; x_wconf 83' lang='lat' dir='ltr'>aa</span> <span class='ocrx_word' id='word_1_210' title='bbox 240 2729 287 2769; x_wconf 88' lang='lat' dir='ltr'>me</span> <span class='ocrx_word' id='word_1_211' title='bbox 311 2728 400 2785; x_wconf 90' lang='lat' dir='ltr'>quem</span> <span class='ocrx_word' id='word_1_212' title='bbox 421 2710 474 2769; x_wconf 89' lang='lat' dir='ltr'>isti</span> <span class='ocrx_word' id='word_1_213' title='bbox 491 2708 670 2786; x_wconf 91' lang='lat' dir='ltr'>praedonem</span> <span class='ocrx_word' id='word_1_214' title='bbox 698 2708 801 2768; x_wconf 90' lang='lat' dir='ltr'>dicunt</span> <span class='ocrx_word' id='word_1_215' title='bbox 828 2709 920 2768; x_wconf 87' lang='lat' dir='ltr'>uerba</span> <span class='ocrx_word' id='word_1_216' title='bbox 947 2709 1066 2786; x_wconf 82' lang='lat' dir='ltr'>singula</span> <span class='ocrx_word' id='word_1_217' title='bbox 1093 2727 1160 2768; x_wconf 91' lang='lat' dir='ltr'>cnm</span> <span class='ocrx_word' id='word_1_218' title='bbox 1187 2728 1252 2785; x_wconf 89' lang='lat' dir='ltr'>pre-</span> 
     </span>
     <span class='ocr_line' id='line_1_28' title="bbox 241 2797 1252 2875; baseline -0.003 -16"><span class='ocrx_word' id='word_1_219' title='bbox 241 2799 325 2859; x_wconf 89' lang='lat' dir='ltr'>cibus</span> <span class='ocrx_word' id='word_1_220' title='bbox 348 2800 517 2875; x_wconf 87' lang='lat' dir='ltr'>praaeunte.</span> <span class='ocrx_word' id='word_1_221' title='bbox 562 2799 662 2874; x_wconf 88' lang='lat' dir='ltr'>rumpi</span> <span class='ocrx_word' id='word_1_222' title='bbox 687 2798 806 2857; x_wconf 85' lang='lat' dir='ltr'>tabulas</span> <span class='ocrx_word' id='word_1_223' title='bbox 833 2799 907 2857; x_wconf 89' lang='lat' dir='ltr'>istas</span> <span class='ocrx_word' id='word_1_224' title='bbox 935 2797 1017 2872; x_wconf 90' lang='lat' dir='ltr'>iube,</span> <span class='ocrx_word' id='word_1_225' title='bbox 1043 2798 1186 2857; x_wconf 82' lang='lat' dir='ltr'>Maxime:</span> <span class='ocrx_word' id='word_1_226' title='bbox 1209 2799 1252 2856; x_wconf 90' lang='lat' dir='ltr'>in·</span> 
     </span>
     <span class='ocr_line' id='line_1_29' title="bbox 240 2885 1254 2962; baseline -0.003 -14"><span class='ocrx_word' id='word_1_227' title='bbox 240 2890 343 2948; x_wconf 90' lang='lat' dir='ltr'>uenies</span> <span class='ocrx_word' id='word_1_228' title='bbox 372 2887 468 2946; x_wconf 89' lang='lat' dir='ltr'>filium</span> <span class='ocrx_word' id='word_1_229' title='bbox 496 2886 647 2962; x_wconf 90' lang='lat' dir='ltr'>heredem,</span> <span class='ocrx_word' id='word_1_230' title='bbox 671 2886 746 2945; x_wconf 91' lang='lat' dir='ltr'>mihi</span> <span class='ocrx_word' id='word_1_231' title='bbox 776 2906 847 2947; x_wconf 87' lang='lat' dir='ltr'>uero</span> <span class='ocrx_word' id='word_1_232' title='bbox 869 2889 959 2946; x_wconf 87' lang='lat' dir='ltr'>tenus</span> <span class='ocrx_word' id='word_1_233' title='bbox 986 2888 1084 2946; x_wconf 88' lang='lat' dir='ltr'>nescio</span> <span class='ocrx_word' id='word_1_234' title='bbox 1109 2885 1181 2962; x_wconf 89' lang='lat' dir='ltr'>quid</span> <span class='ocrx_word' id='word_1_235' title='bbox 1202 2886 1254 2945; x_wconf 92' lang='lat' dir='ltr'>ho·</span> 
     </span>
    </p>
   </div>
   <div class='ocr_carea' id='block_1_4' title="bbox 315 3092 1256 3198">
    <p class='ocr_par' dir='ltr' id='par_1_4' title="bbox 315 3092 1256 3198">
     <span class='ocr_line' id='line_1_30' title="bbox 315 3092 1256 3198; baseline -0.001 -18"><span class='ocrx_word' id='word_1_236' title='bbox 315 3133 329 3180; x_wconf 93' lang='lat'>1</span> <span class='ocrx_word' id='word_1_237' title='bbox 350 3126 484 3181; x_wconf 86' lang='lat' dir='ltr'>scriberet</span> <span class='ocrx_word' id='word_1_238' title='bbox 502 3148 525 3197; x_wconf 84' lang='grc' dir='ltr'><strong><em>φ</em></strong></span> <span class='ocrx_word' id='word_1_239' title='bbox 544 3128 693 3181; x_wconf 80' lang='lat' dir='ltr'>scribserat</span> <span class='ocrx_word' id='word_1_240' title='bbox 710 3127 732 3181; x_wconf 99' lang='lat' dir='ltr'><strong>F</strong></span> <span class='ocrx_word' id='word_1_241' title='bbox 748 3130 753 3196; x_wconf 91' lang='grc' dir='ltr'>Ι</span> <span class='ocrx_word' id='word_1_242' title='bbox 770 3127 904 3181; x_wconf 83' lang='lat' dir='ltr'>aduersus</span> <span class='ocrx_word' id='word_1_243' title='bbox 922 3127 972 3198; x_wconf 74' lang='lat' dir='ltr'>Frp</span> <span class='ocrx_word' id='word_1_244' title='bbox 1045 3132 1060 3179; x_wconf 78' lang='lat'>2</span> <span class='ocrx_word' id='word_1_245' title='bbox 1081 3092 1256 3180; x_wconf 67' lang='lat' dir='ltr'>extiredaret</span> 
     </span>
    </p>
   </div>
   <div class='ocr_carea' id='block_1_5' title="bbox 241 3215 1255 3396">
    <p class='ocr_par' dir='ltr' id='par_1_5' title="bbox 241 3215 1255 3396">
     <span class='ocr_line' id='line_1_31' title="bbox 241 3215 1255 3321; baseline -0.003 -16"><span class='ocrx_word' id='word_1_246' title='bbox 241 3251 264 3305; x_wconf 82' lang='lat' dir='ltr'>r</span> <span class='ocrx_word' id='word_1_247' title='bbox 318 3251 448 3305; x_wconf 66' lang='lat' dir='ltr'>rorone</span> <span class='ocrx_word' id='word_1_248' title='bbox 464 3251 487 3305; x_wconf 81' lang='lat' dir='ltr'>s</span> <span class='ocrx_word' id='word_1_249' title='bbox 506 3251 638 3320; x_wconf 65' lang='lat' dir='ltr'>osanna</span> <span class='ocrx_word' id='word_1_250' title='bbox 698 3215 888 3305; x_wconf 69' lang='lat' dir='ltr'>snarmdr</span> <span class='ocrx_word' id='word_1_251' title='bbox 908 3252 1103 3321; x_wconf 59' lang='lat' dir='ltr'>nasamone</span> <span class='ocrx_word' id='word_1_252' title='bbox 1158 3249 1255 3303; x_wconf 78' lang='lat' dir='ltr'>cusn-</span> 
     </span>
     <span class='ocr_line' id='line_1_32' title="bbox 243 3320 1254 3396; baseline -0.002 -19"><span class='ocrx_word' id='word_1_253' title='bbox 243 3325 319 3377; x_wconf 87' lang='lat' dir='ltr'>ceret</span> <span class='ocrx_word' id='word_1_254' title='bbox 336 3324 369 3377; x_wconf 79' lang='lat' dir='ltr'>in</span> <span class='ocrx_word' id='word_1_255' title='bbox 386 3322 408 3376; x_wconf 98' lang='lat' dir='ltr'><strong>F</strong></span> <span class='ocrx_word' id='word_1_256' title='bbox 426 3324 458 3377; x_wconf 78' lang='lat' dir='ltr'>tn</span> <span class='ocrx_word' id='word_1_257' title='bbox 476 3340 530 3378; x_wconf 81' lang='lat' dir='ltr'>roe.</span> <span class='ocrx_word' id='word_1_258' title='bbox 549 3324 680 3393; x_wconf 79' lang='lat' dir='ltr'>scriptum</span> <span class='ocrx_word' id='word_1_259' title='bbox 697 3323 863 3392; x_wconf 78' lang='lat' dir='ltr'>uinceretp</span> <span class='ocrx_word' id='word_1_260' title='bbox 951 3328 967 3377; x_wconf 88' lang='lat'>8</span> <span class='ocrx_word' id='word_1_261' title='bbox 985 3322 1089 3396; x_wconf 73' lang='lat' dir='ltr'>hunefe</span> <span class='ocrx_word' id='word_1_262' title='bbox 1107 3322 1128 3375; x_wconf 82' lang='lat' dir='ltr'><strong>F</strong></span> <span class='ocrx_word' id='word_1_263' title='bbox 1147 3320 1254 3375; x_wconf 89' lang='lat' dir='ltr'>huncce</span> 
     </span>
    </p>
   </div>
   <div class='ocr_carea' id='block_1_6' title="bbox 243 3409 1254 3520">
    <p class='ocr_par' dir='ltr' id='par_1_6' title="bbox 243 3409 1254 3520">
     <span class='ocr_line' id='line_1_33' title="bbox 243 3409 1254 3520; baseline 0.003 -23"><span class='ocrx_word' id='word_1_264' title='bbox 243 3467 265 3517; x_wconf 82' lang='grc' dir='ltr'>φ</span> <span class='ocrx_word' id='word_1_265' title='bbox 357 3445 522 3502; x_wconf 73' lang='lat' dir='ltr'>eremitam</span> <span class='ocrx_word' id='word_1_266' title='bbox 547 3448 632 3520; x_wconf 75' lang='lat' dir='ltr'>culpo</span> <span class='ocrx_word' id='word_1_267' title='bbox 660 3450 748 3501; x_wconf 85' lang='lat' dir='ltr'>semet</span> <span class='ocrx_word' id='word_1_268' title='bbox 775 3447 824 3517; x_wconf 69' lang='lat' dir='ltr'>Fu</span> <span class='ocrx_word' id='word_1_269' title='bbox 916 3452 948 3500; x_wconf 90' lang='lat'>11</span> <span class='ocrx_word' id='word_1_270' title='bbox 968 3423 1051 3517; x_wconf 59' lang='lat' dir='ltr'>addus</span> <span class='ocrx_word' id='word_1_271' title='bbox 1070 3446 1092 3500; x_wconf 91' lang='lat' dir='ltr'><strong>F</strong></span> <span class='ocrx_word' id='word_1_272' title='bbox 1121 3409 1188 3516; x_wconf 47' lang='lat' dir='ltr'>sequi</span> <span class='ocrx_word' id='word_1_273' title='bbox 1207 3467 1229 3514; x_wconf 85' lang='grc' dir='ltr'><strong>φ</strong></span> <span class='ocrx_word' id='word_1_274' title='bbox 1251 3446 1254 3519; x_wconf 71' lang='lat' dir='ltr'>l</span> 
     </span>
    </p>
   </div>
   <div class='ocr_carea' id='block_1_7' title="bbox 235 3534 1284 3863">
    <p class='ocr_par' dir='ltr' id='par_1_7' title="bbox 235 3534 1284 3863">
     <span class='ocr_line' id='line_1_34' title="bbox 242 3534 1256 3642; baseline -0.002 -17"><span class='ocrx_word' id='word_1_275' title='bbox 242 3570 313 3625; x_wconf 86' lang='lat' dir='ltr'>ratis</span> <span class='ocrx_word' id='word_1_276' title='bbox 331 3572 354 3626; x_wconf 86' lang='lat' dir='ltr'><strong>F</strong></span> <span class='ocrx_word' id='word_1_277' title='bbox 372 3534 460 3627; x_wconf 56' lang='lat' dir='ltr'>rat⁹sfi</span> <span class='ocrx_word' id='word_1_278' title='bbox 480 3593 502 3642; x_wconf 84' lang='grc' dir='ltr'>φ</span> <span class='ocrx_word' id='word_1_279' title='bbox 558 3579 590 3625; x_wconf 82' lang='lat'>12</span> <span class='ocrx_word' id='word_1_280' title='bbox 609 3571 742 3626; x_wconf 85' lang='lat' dir='ltr'>infestam</span> <span class='ocrx_word' id='word_1_281' title='bbox 762 3571 878 3627; x_wconf 80' lang='lat' dir='ltr'>Cnsnnb.</span> <span class='ocrx_word' id='word_1_282' title='bbox 893 3569 1028 3625; x_wconf 83' lang='lat' dir='ltr'>infectam</span> <span class='ocrx_word' id='word_1_283' title='bbox 1041 3570 1091 3641; x_wconf 75' lang='lat' dir='ltr'>Fp</span> <span class='ocrx_word' id='word_1_284' title='bbox 1147 3576 1180 3624; x_wconf 82' lang='lat'>13</span> <span class='ocrx_word' id='word_1_285' title='bbox 1195 3570 1256 3639; x_wconf 87' lang='lat' dir='ltr'>qui-</span> 
     </span>
     <span class='ocr_line' id='line_1_35' title="bbox 242 3624 1268 3713; baseline -0.006 -17"><span class='ocrx_word' id='word_1_286' title='bbox 242 3643 288 3698; x_wconf 87' lang='lat' dir='ltr'>uis</span> <span class='ocrx_word' id='word_1_287' title='bbox 306 3642 356 3712; x_wconf 78' lang='lat' dir='ltr'>Ftp</span> <span class='ocrx_word' id='word_1_288' title='bbox 375 3624 509 3711; x_wconf 58' lang='lat' dir='ltr'>qm‘ssKr.</span> <span class='ocrx_word' id='word_1_289' title='bbox 619 3648 652 3697; x_wconf 83' lang='lat'>16</span> <span class='ocrx_word' id='word_1_290' title='bbox 671 3650 735 3713; x_wconf 83' lang='lat' dir='ltr'>post</span> <span class='ocrx_word' id='word_1_291' title='bbox 752 3642 852 3697; x_wconf 81' lang='lat' dir='ltr'>meiat</span> <span class='ocrx_word' id='word_1_292' title='bbox 873 3649 933 3713; x_wconf 81' lang='lat' dir='ltr'>port</span> <span class='ocrx_word' id='word_1_293' title='bbox 951 3642 1146 3696; x_wconf 70' lang='lat' dir='ltr'>hereditatam</span> <span class='ocrx_word' id='word_1_294' title='bbox 1158 3658 1268 3694; x_wconf 62' lang='lat' dir='ltr'>amaru</span> 
     </span>
     <span class='ocr_line' id='line_1_36' title="bbox 244 3703 1284 3788; baseline -0.015 -20"><span class='ocrx_word' id='word_1_295' title='bbox 244 3721 289 3780; x_wconf 77' lang='lat' dir='ltr'>ert,</span> <span class='ocrx_word' id='word_1_296' title='bbox 306 3715 375 3782; x_wconf 76' lang='lat' dir='ltr'>quia</span> <span class='ocrx_word' id='word_1_297' title='bbox 391 3716 502 3786; x_wconf 70' lang='lat' dir='ltr'>n&#39;pnnn</span> <span class='ocrx_word' id='word_1_298' title='bbox 520 3716 755 3788; x_wconf 74' lang='lat' dir='ltr'>interpunctionis</span> <span class='ocrx_word' id='word_1_299' title='bbox 775 3715 897 3774; x_wconf 82' lang='lat' dir='ltr'>deletura</span> <span class='ocrx_word' id='word_1_300' title='bbox 914 3720 955 3771; x_wconf 78' lang='lat' dir='ltr'>eat</span> <span class='ocrx_word' id='word_1_301' title='bbox 1025 3718 1066 3765; x_wconf 72' lang='lat' dir='ltr'>‘ro</span> <span class='ocrx_word' id='word_1_302' title='bbox 1085 3703 1284 3763; x_wconf 40' lang='lat' dir='ltr'>consumam&amp;</span> 
     </span>
     <span class='ocr_line' id='line_1_37' title="bbox 235 3779 1152 3863; baseline 0.001 -28"><span class='ocrx_word' id='word_1_303' title='bbox 235 3783 410 3838; x_wconf 77' lang='lat' dir='ltr'>cohercerem</span> <span class='ocrx_word' id='word_1_304' title='bbox 430 3808 453 3857; x_wconf 83' lang='grc' dir='ltr'><strong><em>φ</em></strong></span> <span class='ocrx_word' id='word_1_305' title='bbox 472 3787 571 3859; x_wconf 83' lang='lat' dir='ltr'>(aedh</span> <span class='ocrx_word' id='word_1_306' title='bbox 591 3790 684 3849; x_wconf 67' lang='lat' dir='ltr'>dente</span> <span class='ocrx_word' id='word_1_307' title='bbox 702 3792 755 3863; x_wconf 59' lang='lat' dir='ltr'>est]</span> <span class='ocrx_word' id='word_1_308' title='bbox 832 3794 871 3844; x_wconf 69' lang='lat' dir='ltr'>‘rb</span> <span class='ocrx_word' id='word_1_309' title='bbox 889 3782 1070 3859; x_wconf 67' lang='lat' dir='ltr'>praesume</span> <span class='ocrx_word' id='word_1_310' title='bbox 1087 3779 1117 3831; x_wconf 63' lang='lat' dir='ltr'><strong>F</strong></span> <span class='ocrx_word' id='word_1_311' title='bbox 1127 3798 1152 3844; x_wconf 66' lang='lat' dir='ltr'>u</span> 
     </span>
    </p>
   </div>
   <div class='ocr_carea' id='block_1_8' title="bbox 0 0 1538 4300">
    <p class='ocr_par' dir='ltr' id='par_1_8' title="bbox 0 0 1538 4300">
     <span class='ocr_line' id='line_1_38' title="bbox 0 0 1538 4300; baseline 0 0"><span class='ocrx_word' id='word_1_312' title='bbox 0 0 1538 4300; x_wconf 95' lang='lat' dir='ltr'> </span> 
     </span>
    </p>
   </div>
  </div>
 </body>
</html>
