3042 4300
645 392 825 446 APOLOGIA
1198 395 1237 456 77

173 502 281 543 Oudend.
1164 504 1179 542 f.
1195 505 1254 544 11711.
1267 505 1282 544 f.
1298 507 1338 545 lta

224 561 370 635 Maxime,
399 561 557 620 coitionem
581 561 735 620 aduersum
759 581 805 619 me
829 564 858 619 et
882 563 1114 621 coniurationem
1138 582 1238 622 eorum

226 652 360 726 protus
383 650 531 726 sapientia
554 650 749 726 suspicatum,
777 650 866 709 simul
888 649 1005 709 libellus
1029 650 1079 709 ille
1102 653 1237 726 prolatus

227 741 290 813 est,
317 740 414 798 totam
436 757 499 796 rem
526 738 612 797 uultu
642 741 857 814 aspernantem
911 739 1036 814 denique
1068 759 1238 816 quanquam

173 845 209 894 ss)
228 831 301 888 sunt
323 827 446 886 insolita
475 827 599 886 audacia
629 829 660 885 et
687 827 859 903 importuna
887 828 1072 902 impudentia
1101 830 1238 903 praediti,

196 920 331 978 stamen
349 916 551 975 testimonium
564 914 672 990 Crassi,
690 918 774 975 cuius
793 915 940 976 oboluisse
958 918 1070 975 faecem
1089 917 1238 991 uidebant,

226 1024 283 1064 nec
305 1005 364 1080 ipsi
387 1005 452 1063 ausi
475 1008 545 1063 sunt
566 1005 715 1082 perlegere
741 1025 794 1064 nec
824 1007 983 1080 quicquam
1013 1024 1047 1063 eo
1078 1007 1142 1063 niti.
1190 1027 1238 1064 ue-

225 1114 296 1152 rum
322 1087 333 1171 ΙΙ
359 1112 414 1170 ego
441 1094 500 1152 ista
526 1097 682 1169 propterea
710 1095 949 1168 commemoraui,
981 1114 1044 1153 non
1071 1095 1149 1169 quod
1174 1096 1238 1171 pin·
1253 1112 1268 1149 r.
1285 1112 1338 1151 nra

228 1201 338 1241 narum
360 1181 531 1241 formidines
555 1185 585 1241 et
606 1182 740 1259 fuliginis
763 1183 911 1241 maculam
939 1186 970 1241 te
999 1184 1174 1258 praesertim
1196 1185 1239 1242 iu·

228 1272 295 1330 dice
318 1272 468 1344 timerem,
497 1271 548 1329 sed
569 1275 611 1330 'ut
634 1291 670 1330 ne
699 1272 880 1346 impunitum
909 1273 986 1330 foret
1011 1272 1131 1347 Crasso,
1161 1273 1239 1347 quod

183 1382 211 1421 ro
227 1360 407 1434 Aemiliano,
428 1359 541 1418 homini
563 1360 683 1434 rustico,
705 1362 819 1418 fumum
842 1361 982 1419 uendidit.

297 1448 397 1508 unae
420 1448 510 1507 etiam
534 1449 643 1507 crimen
666 1450 703 1509 ab
725 1450 800 1523 illis,
829 1468 894 1509 cum
916 1449 1105 1511 Pudentillae
1124 1452 1239 1509 litteras
1255 1451 1321 1508 LXI

174 1555 212 1605 so)
227 1539 377 1615 legerent,
407 1537 442 1594 de
471 1537 624 1597 cuiusdam
654 1538 745 1614 sigilli
773 1538 967 1597 fabricatione
996 1533 1156 1619 proilatum
1186 1544 1239 1614 est,

229 1626 312 1701 quod
334 1626 490 1701 meaiunt
513 1626 550 1684 ad
572 1626 689 1703 magica
711 1626 857 1685 maleficia
880 1629 996 1686 occulta
1018 1630 1131 1688 fabrica
1158 1629 1239 1706 ligno

230 1714 461 1790 exquisitissimo
485 1733 682 1790 comparasse,
707 1718 736 1774 et
759 1734 826 1774 cum
849 1717 888 1775 sit
910 1717 1012 1776 sceleti
1034 1720 1130 1776 forma
1152 1722 1240 1794 turpe

185 1827 213 1865 15
230 1807 262 1863 et
284 1803 439 1878 horribile,
467 1807 568 1862 tamm
598 1804 747 1879 impendio
778 1804 871 1863 colere
902 1809 932 1863 et
962 1806 1072 1865 Graeco
1096 1808 1240 1865 uocabulo

173 1911 215 1960 ar)
231 1889 353 1972 βασιλέα
385 1910 562 1967 nuncupare.
618 1892 677 1951 nisi
707 1892 810 1966 fallor,
844 1893 944 1952 ordine
977 1913 1077 1952 eorum
1113 1896 1240 1971 uestigia

229 1998 404 2057 persequor,
432 1984 462 2039 et
489 1981 665 2058 singillatim
693 1981 913 2059 apprehendens
937 1997 1053 2040 omnem
1076 1984 1240 2040 calumniae

229 2072 347 2129 textum
368 2072 476 2128 retexo.

298 2158 422 2217 Occulta
458 2160 548 2220 fuisse
584 2160 740 2217 fabricatio
779 2160 884 2235 sigilli,
923 2160 1001 2234 quod
1040 2160 1151 2234 dicitis,
1190 2162 1240 2235 qui

186 2272 214 2310 ao
231 2251 345 2325 potest,
375 2247 458 2307 cuius
488 2267 541 2307 uos
572 2249 643 2307 adeo
674 2247 817 2306 artificem
847 2267 905 2306 non
939 2249 1112 2325 ignorastis,
1143 2251 1176 2307 ut
1205 2249 1240 2324 ei,

174 2357 213 2406 es)
229 2340 351 2413 praesto
375 2336 498 2411 adesset,
521 2335 786 2395 denuntiaueritis‘?
810 2356 847 2395 en
869 2337 954 2396 adest
974 2337 1124 2396 Cornelius
1140 2337 1241 2395 Satur·

229 2427 320 2484 ninus
344 2426 464 2500 artifex,
491 2426 538 2483 uir
564 2426 643 2483 inter
666 2444 733 2484 suos
757 2429 787 2484 et
810 2428 874 2485 arte
896 2426 1035 2485 laudatus
1059 2430 1090 2486 et
1111 2427 1241 2485 moribus

231 2514 451 2590 comprobatus,
469 2514 526 2589 ·qni
547 2515 613 2588 tibi,
635 2514 772 2588 Maxime,
800 2516 890 2590 paulo
914 2518 983 2574 ante
1006 2515 1164 2593 diligenter
1187 2518 1240 2576 sci-

230 2603 354 2663 scitanti
378 2620 494 2661 omnem
524 2603 666 2685 ordinem
686 2605 787 2679 gestae
817 2605 859 2661 rei
891 2623 1004 2662 summa
1035 2624 1101 2663 cum
1130 2605 1187 2663 fide
1212 2608 1242 2664 et

310 2843 513 2909 lcohitionem
536 2864 557 2912 φ
588 2847 591 2911 Ι
621 2844 810 2896 aduersumF
834 2844 1008 2913 aduersusrp
1039 2846 1043 2913 Ι
1073 2845 1244 2897 curationem

232 2969 285 3037 na
364 2973 380 3021 e
399 2928 551 3035 quiquis
637 2974 654 3021 4
671 2967 787 3021 insolita
805 2968 880 3022 11111
899 2968 982 3022 sona
1001 2968 1049 3036 sa
1069 2968 1161 3021 soluta
1180 2969 1244 3022 zius

231 3094 369 3161 septenes
444 3098 459 3144 5
478 3090 670 3144 testimonium
689 3091 802 3145 Colotes
819 3092 979 3145 testimonio
998 3092 1046 3160 Fa
1125 3052 1242 3144 inime-

230 3163 343 3216 moraui
362 3163 383 3215 F
410 3165 449 3233 (m
463 3164 584 3231 patorem
602 3163 633 3215 irc
650 3180 704 3217 ras.
724 3179 774 3217 scr.
794 3180 827 3215 m.
847 3164 972 3232 antiquo)
1081 3167 1096 3214 8
1120 3164 1148 3214 te
1172 3163 1242 3215 inl*

230 3304 321 3357 capra
338 3304 447 3341 uersum
464 3303 514 3341 scr.
534 3304 568 3339 m.
589 3293 602 3339 1
621 3290 625 3349 Ι
641 3261 713 3340 fdree
732 3257 856 3339 crassiim
874 3286 895 3339 F
915 3288 1004 3356 (signa
1022 3286 1244 3353 transpositionis

231 3359 299 3414 add.
313 3375 348 3413 m.
362 3359 396 3426 r.)
416 3373 539 3411 crassum
557 3356 629 3412 foret
648 3379 669 3427 φ
747 3364 779 3410 11
799 3375 885 3411 unum
904 3358 987 3412 Saloe.
1003 3357 1081 3411 Hild.
1101 3356 1175 3409 unde
1194 3357 1242 3425 Ρφ

230 3482 302 3537 inde
320 3482 373 3536 Kr.
393 3499 453 3536 curn
470 3483 599 3537 Acidalio
691 3488 723 3535 14
747 3481 843 3535 sceleti
864 3479 1092 3536 6111111111·αώθῇ
1110 3429 1243 3535 Ficielleii

232 3559 269 3608 16
299 3553 495 3609 ΒὰίΙλΕὰΝΡ
608 3557 640 3605 17
668 3568 820 3621 persequor
837 3554 921 3622 uolgo
944 3567 1096 3620 persequar
1119 3551 1170 3620 Fp
1190 3554 1242 3606 Kr.

231 3630 269 3679 20
294 3623 399 3747 Cuius}¹
412 3624 503 3694 mpF
528 3641 561 3677 cu
580 3642 613 3677 m.
634 3625 749 3693 conque
779 3624 783 3694 1
812 3627 844 3676 ut
869 3623 895 3676 ei
919 3624 1030 3692 praesto
1057 3624 1175 3675 adesset
1194 3624 1250 3684 lle>

226 3694 397 3819 gdessptff
421 3696 452 3749 in
470 3713 519 3766 mg.
541 3714 573 3750 m.
594 3696 663 3753 sotis
689 3696 809 3767 antiquo
828 3713 880 3752 scr.
897 3697 982 3764 titt}
996 3696 1036 3747 ut
1053 3693 1085 3746 e‘x
1097 3692 1221 3759 praesta
1235 3689 1278 3733 ut

268 3780 328 3817 esse
390 3783 410 3819 r.
