3042 4300
294 375 335 436 74
568 375 597 426 L.
617 373 750 426 APVLEI
768 372 1028 428 MADAVRENSIS

184 485 200 523 f.
216 485 275 524 nea
290 484 306 523 r.
321 484 367 524 ιιι.
1249 480 1292 519 nu
1306 480 1350 520 ou

293 543 408 617 etipse
431 542 602 600 incredibile
625 543 767 601 futurum.
805 562 874 600 nam
896 542 1006 601 dieitur
1028 544 1097 599 ante
1120 541 1227 599 horam
1241 540 1304 599 diei

293 632 450 691 secundam
472 632 588 690 ieiunus
612 631 708 690 adhuc
737 635 767 690 et
796 630 958 690 abstemius
986 630 1192 689 testimonium
1223 629 1306 688 istud

292 720 466 779 uendidisse.
512 721 606 797 igitur
629 721 748 796 scripsit
770 721 842 778 haec
866 738 896 778 se
920 719 1057 777 adhunc
1080 718 1203 778 modum
1227 737 1305 777 oom-

293 828 521 973 penssdstqum
550 898 730 956 Alexandria
759 897 923 972 reuenerit,
957 897 1078 955 domum
1107 915 1193 956 suam
1224 900 1307 955 recta
1334 916 1345 956 ι

293 987 485 1061 contendisse,
508 1006 567 1061 qua
589 987 649 1044 iam
668 985 845 1056 Quintianus
864 987 1021 1062 migrarat:
1043 985 1086 1043 ibi
1104 985 1136 1042 in
1155 985 1307 1044 uestibulo

292 1078 402 1135 multas
421 1076 522 1134 auium
540 1076 646 1151 pinnas
666 1076 834 1134 offendisse:
857 1078 1011 1149 praeterea
1029 1075 1158 1149 parietes
1177 1074 1307 1150 fuligine

293 1165 485 1224 deformatos:
518 1165 667 1238 quaesisse
698 1183 802 1223 causas
835 1184 869 1222 ex
902 1182 986 1222 seruo
1018 1181 1072 1222 suo
1105 1182 1194 1238 quem
1227 1162 1306 1222 Oeae

291 1254 460 1329 reliquerit,
493 1272 617 1327 eumque
646 1253 704 1311 sibi
735 1254 771 1311 de
803 1254 876 1311 meis
907 1256 937 1310 et
967 1251 1121 1320 Quintiani
1149 1252 1306 1311 nocturnis

293 1344 384 1401 sacris
421 1341 573 1400 indicasse.
629 1360 718 1416 quam
750 1361 820 1400 uero
853 1341 1002 1400 subtiliter
1038 1341 1238 1415 compositum
1277 1345 1307 1400 et
1321 1361 1346 1399 io

291 1431 492 1489 uerisimiliter
515 1433 725 1505 commentum,
748 1450 808 1505 me,
836 1431 862 1488 si
886 1429 957 1504 quid
981 1430 1042 1488 eius
1062 1418 1163 1488 tacere
1186 1429 1306 1504 uellem,

292 1539 352 1577 non
385 1519 464 1576 domi
495 1537 578 1576 meae
610 1518 710 1593 potius
747 1520 896 1577 facturum
932 1519 1036 1592 fuisse3
1074 1517 1272 1586 Quintianum
1295 1512 1304 1577 l

196 1655 201 1662 .
256 1636 276 1663 a.
290 1609 382 1666 istum
406 1607 457 1682 qui
479 1607 554 1664 mihi
572 1608 694 1681 assistit,
717 1626 805 1682 quem
828 1627 882 1684 ego
905 1626 958 1683 pro
982 1607 1116 1666 amicitia
1134 1626 1210 1682 quae
1229 1607 1305 1665 mihi

291 1716 358 1754 eum
372 1715 406 1754 eo
421 1696 571 1754 artissima
589 1700 634 1754 est
651 1714 764 1771 proque
785 1697 848 1755 eius
869 1697 989 1773 egregia
1008 1695 1173 1754 eruditione
1193 1699 1224 1754 et
1237 1716 1304 1772 per·

291 1784 452 1843 lectissima
469 1784 639 1860 eloquentia
656 1784 776 1844 honoris
795 1788 825 1843 et
842 1785 940 1843 laudis
959 1785 1057 1861 gratia
1075 1785 1206 1861 nomino,
1225 1785 1343 1844 hunc1e

290 1873 383 1950 igitur
406 1872 614 1948 Quintianum,
641 1869 645 1952 l
673 1875 697 1932 si
722 1893 797 1949 quas
821 1875 887 1932 auis
915 1875 947 1931 in
970 1893 1042 1932 cena
1063 1873 1217 1932 habuisset
1242 1877 1304 1948 aut,

291 1962 371 2038 quod
401 1963 499 2038 aiunt,
528 1964 645 2040 magiae
678 1982 767 2022 causa
796 1963 1008 2037 interemisset,
1037 1981 1163 2036 puerum
1185 1962 1306 2020 nullum

291 2051 443 2125 habuisse,
473 2053 525 2126 qui
548 2053 654 2127 pinnas
677 2054 864 2110 conuerreret
887 2055 917 2108 et
938 2052 1018 2109 foras
1042 2050 1186 2109 abiceret!
1216 2070 1303 2126 prae·

291 2143 373 2199 terea
395 2140 472 2198 fumi
494 2143 610 2198 tantam
632 2141 695 2198 uim
717 2142 822 2215 fuisse,
845 2142 879 2198 ut
901 2141 1030 2215 parietes
1054 2141 1133 2198 atros
1156 2138 1304 2215 redderet,

292 2248 415 2303 eamque
438 2227 672 2302 deformitatem,
703 2230 801 2303 quoad
828 2228 992 2303 habitauit,
1022 2246 1143 2303 passum
1165 2228 1198 2285 in
1221 2229 1304 2287 cubi·
1318 2249 1343 2288 ao

292 2317 358 2374 culo
381 2333 434 2373 suo
454 2314 661 2383 Quintianum!
683 2316 759 2373 nihil
778 2317 860 2391 dicis,
882 2316 1061 2375 Aemiliane,
1095 2336 1155 2375 non
1174 2320 1219 2375 est
1237 2317 1350 2380 uerius

292 2403 402 2478 simile,
425 2402 482 2461 nisi
504 2403 582 2461 forte
607 2402 728 2461 Crassus
751 2422 811 2461 non
834 2405 866 2461 in
889 2403 1056 2462 cubiculum
1079 2423 1214 2464 reuersus
1238 2425 1306 2481 per-

291 2491 380 2564 rexit,
404 2490 454 2548 sed
477 2509 530 2548 suo
553 2509 634 2549 more
657 2492 738 2549 recta
761 2491 800 2548 ad
822 2491 928 2549 focum.
974 2493 1050 2551 unde
1074 2495 1175 2551 autem
1198 2511 1303 2553 seruus
1317 2508 1350 2560 (ss

293 2577 392 2636 Crassi
406 2579 571 2652 suspicatus
591 2582 644 2654 est,
662 2581 752 2636 noctu
766 2574 954 2654 potissimum
971 2581 1099 2656 parietes
1117 2581 1304 2658 fumigatos?

292 2686 331 2724 an
355 2686 390 2723 ex
412 2667 487 2723 fumi
511 2666 627 2725 colore?
650 2667 790 2725 uidelicet
812 2669 911 2726 fumus
935 2673 1095 2728 nocturnus
1118 2670 1233 2747 nigrior
1249 2674 1305 2730 -est
1318 2691 1343 2731 ιι

293 2774 385 2830 eoque
415 2754 520 2813 dimne
550 2757 631 2814 fumo
662 2755 769 2814 differt.
815 2775 868 2815 cnr
898 2761 999 2816 autem
1029 2760 1166 2833 suspicax
1197 2778 1304 2819 seruus

292 2863 326 2902 ae
353 2846 417 2901 tam
449 2843 574 2919 diligens
605 2862 710 2919 passus
743 2848 800 2919 est,
834 2843 1027 2914 Quintianum
1058 2848 1186 2923 migrare
1218 2849 1304 2923 prius

532 3079 544 3107 e

523 3132 558 3169 o.
566 3120 655 3170 horam

365 3143 623 3241 lhorumFlioztp
656 3178 812 3243 ipennasq
846 3174 958 3242 ereliq
958 3175 1138 3274 ritl'p(aoa:
1148 3176 1303 3245 reiquerat)

294 3303 327 3347 14
337 3297 479 3350 artissima
497 3296 519 3349 1⁴*
538 3296 695 3349 arctissima
713 3318 735 3366 φ
756 3300 760 3365 Ι
778 3258 902 3367 egregie·
893 3270 1049 3352 -ruditione
1068 3299 1089 3351 F
1106 3301 1211 3368 (terruit
1223 3318 1258 3354 m
1268 3304 1304 3370 r.)

294 3419 354 3471 16
345 3437 446 3474 meena
460 3422 513 3542 Pp
586 3427 619 3474 18
638 3436 744 3489 pennas
765 3441 786 3488 φ
805 3421 840 3487 cf.
860 3425 896 3490 71
918 3383 1092 3477 conuelteret
1111 3424 1306 3492 plubiceret

293 3543 341 3611 Fp
414 3550 446 3597 21
467 3545 616 3599 aemiliane
635 3552 739 3615 ppost
756 3543 913 3599 Aemiliane
935 3549 1027 3602 miuus
1048 3554 1116 3602 recte
1135 3548 1187 3603 Kr.
1209 3552 1306 3617 posuit

292 3614 402 3683 siguum
411 3566 656 3734 §quaepationie‘p
661 3619 665 3685 Ι
685 3613 906 3686 uerilsimilell(
897 3619 1011 3687 (meld
1031 3636 1064 3672 m.
1084 3621 1118 3687 r.)
1173 3625 1207 3671 22
1223 3618 1304 3672 Gras-

270 3751 323 3786 sus
359 3757 384 3804 φ
477 3746 513 3792 23
531 3758 570 3796 au
589 3743 642 3814 Ftp
718 3747 753 3795 24
772 3738 934 3810 fumigatus
949 3741 1002 3808 Ἐφ
