3042 4300
650 399 833 455 APOLOGIA
1204 401 1246 466 27

187 507 293 548 cusona
1182 509 1198 549 ι.
1212 511 1273 550 roan.
1288 510 1303 550 ι.
1319 511 1340 551 ιι

188 569 337 627 mnonda
364 572 497 642 strenua,
526 569 559 626 in
591 568 710 628 Socrate
742 569 873 643 sapiens,
904 569 936 626 in
968 568 1096 628 Homero
1127 569 1246 628 diserta.

236 657 339 716 eadem
361 661 521 734 paupertas
548 658 638 715 etiam
665 659 776 734 populo
802 658 936 717 Romano
962 657 1119 733 imperium
1148 679 1164 716 a
1187 658 1246 733 pri·

236 746 351 805 mordio
369 746 518 820 fundauit,
538 766 650 822 proque
669 766 703 806 eo
721 747 753 804 in
767 746 941 805 hodiernum
955 746 1011 804 diis
1030 747 1246 806 immortalibus

238 836 367 910 simpulo
391 839 421 894 et
443 836 541 893 catino
564 835 648 894 fictili
676 836 830 895 sacrificat.
877 835 954 910 quod
978 836 1002 894 si
1025 835 1112 894 modo
1134 835 1245 894 iudices

188 941 223 991 aa)
239 925 274 982 de
298 943 386 982 causa
408 926 467 983 ista
485 924 620 983 sederent
638 923 667 983 0.
686 924 848 999 Fabricius,
868 924 921 983 Gn.
943 923 1050 999 Scipio,
1068 924 1111 982 M’
1132 923 1245 997 Curius,

210 1032 364 1087 equorum
386 1013 465 1072 filiae
489 1012 525 1072 ob
548 1015 754 1090 paupertatem
778 1013 813 1072 de
835 1013 955 1088 publico
978 1012 1096 1072 dotibus
1120 1013 1245 1071 donatae

237 1102 276 1160 ad
293 1103 416 1160 maritos
435 1103 534 1161 ierimt
551 1104 704 1177 portantes
724 1102 851 1179 gloriam
869 1102 1067 1175 domesticam,
1090 1101 1246 1177 pecuniam

234 1191 399 1266 publicam:
430 1192 456 1250 si
478 1191 632 1249 Publicola
658 1211 762 1267 regum
790 1193 908 1249 exactor
933 1193 963 1249 et
985 1190 1121 1268 Agrippa
1142 1191 1245 1265 populi

236 1279 453 1354 reconciliator,
481 1299 606 1354 quorum
627 1280 716 1338 funus
740 1279 778 1337 ob
799 1279 897 1338 tenuis
920 1297 989 1355 oper
1014 1299 1032 1337 a
1053 1280 1164 1355 populo
1187 1279 1244 1336 Ro·

195 1389 222 1428 ιο
235 1387 324 1427 mano
355 1369 470 1428 collatis
500 1368 683 1428 sextantibus
715 1368 891 1427 adornatum
920 1370 977 1427 est:
1007 1368 1033 1427 si
1054 1368 1166 1426 Atilius
1188 1368 1244 1426 Re·

237 1458 334 1534 gulus,
357 1458 440 1516 cuins
464 1458 577 1534 agellus
602 1457 637 1516 ob
661 1457 788 1516 similem
810 1458 964 1532 penuriam
982 1457 1102 1532 publica
1120 1457 1245 1533 pecunia

235 1547 332 1605 cultus
356 1550 413 1605 est:
440 1546 466 1605 si
494 1546 619 1621 denique
643 1565 742 1604 omnes
770 1546 840 1604 illae
863 1547 976 1604 uetares
998 1546 1154 1621 prosapiae
1178 1565 1245 1604 con·

235 1636 347 1694 sulares
376 1638 406 1693 et
433 1635 582 1694 censoriae
610 1638 639 1693 et
665 1635 860 1711 triumphales
882 1634 966 1693 breui
993 1650 1083 1693 usura
1109 1635 1183 1694 lucis
1207 1634 1245 1693 ad

233 1723 377 1781 iudicium
403 1724 484 1783 istud
507 1723 646 1782 remissae
675 1724 824 1797 audirent
797 1723 1010 1783 tauderesne
1038 1727 1305 1800 paupertatem
1274 1735 1276 1743 ’
1300 1735 1304 1744 ’

193 1832 219 1872 15
232 1812 410 1888 philosopho
433 1813 609 1888 exprobrare
628 1813 706 1888 apud
723 1816 771 1871 tot
790 1769 922 1871 cdnsules
940 1811 1106 1888 pauperes?
1130 1833 1168 1870 an
1186 1812 1243 1870 tibi
1256 1772 1327 1870 XIX

235 1899 375 1961 Claudius
398 1902 544 1960 Maximus
566 1902 688 1961 idoneus
712 1901 831 1959 auditor
853 1901 972 1959 uidetur
1000 1901 1037 1958 ad
1064 1901 1244 1959 irridendam

232 1994 448 2065 paupertatem,
472 1991 577 2066 quod
568 2009 632 2066 ipse
646 1991 766 2049 uberem
780 1993 810 2048 et
823 1990 970 2065 prolixam
986 2009 1049 2047 rem
1066 1989 1244 2047 familiarem

233 2080 356 2138 sortitus
375 2077 439 2138 est?
463 2099 552 2154 erras,
569 2079 745 2154 Aemiliane,
764 2080 793 2136 et
811 2080 899 2156 longe
917 2078 1004 2135 huius
1024 2077 1115 2134 animi
1133 2077 1243 2136 frustra
1261 2126 1263 2130 .
1284 2133 1285 2138 ,
1308 2105 1314 2136 ι

233 2188 277 2242 es,
305 2170 331 2227 si
355 2189 422 2227 enm
444 2189 479 2228 ex
501 2170 638 2228 fortunae
660 2169 862 2245 indulgentia,
892 2186 952 2225 non
981 2187 1016 2225 ex
1038 2166 1242 2242 philosophiae

187 2276 356 2316 accensura
387 2258 515 2332 metiris,
548 2258 573 2317 si
604 2258 704 2316 uirum
734 2261 798 2315 tam
831 2260 964 2315 austerae
995 2258 1091 2315 sectae
1122 2258 1242 2330 tamque

187 2362 225 2401 xz.
233 2346 367 2405 diutinae
389 2348 515 2406 militiae
538 2366 598 2405 non
620 2351 709 2423 putas
733 2346 902 2405 amiciorem
928 2364 990 2405 esse
1018 2345 1160 2404 coercitae
1183 2364 1242 2403 me·

234 2436 384 2493 diceritati
408 2456 497 2511 qnam
520 2437 662 2495 delicatae
686 2436 864 2511 opulentiae,
885 2435 1037 2493 fortunam
1058 2435 1141 2492 uelut
1163 2435 1242 2492 tuni·

234 2543 300 2582 eam
314 2525 409 2602 magis
425 2526 597 2584 concinnam
612 2545 701 2600 quam
723 2526 844 2601 longam
862 2524 1000 2600 probare,
1024 2524 1133 2598 quippe
1152 2524 1243 2582 etiam

233 2632 269 2671 ea
293 2615 344 2672 etsi
373 2633 433 2672 non
462 2617 594 2691 gestetur
622 2617 652 2672 et
678 2614 828 2687 trahatur,
854 2612 929 2670 nihil
958 2614 1055 2671 minus
1084 2632 1172 2687 quam
1200 2614 1242 2670 la·

324 2753 338 2799 1
360 2747 453 2801 Senec.
474 2747 576 2801 consol.
597 2748 633 2799 ad
651 2746 732 2801 Helu.
754 2753 794 2799 12.

324 2823 340 2870 6
358 2817 451 2871 Valet.
471 2835 543 2873 max.
562 2817 601 2871 IV
619 2824 697 2873 4,10.

323 2894 339 2941 8
358 2889 418 2943 Liu.
437 2890 463 2941 Π
481 2895 575 2943 33.10.

305 2964 338 3012 10
357 2959 427 3014 Plin.
447 2963 504 3013 nat,
523 2960 589 3013 hist.
608 2960 697 3012 XVIH
717 2966 739 3013 3.
752 2966 793 3012 20.

306 3036 339 3083 13
359 3030 392 3085 ef
413 3030 478 3086 Met
498 3032 585 3085 Has
603 3049 630 3100 p
651 3037 693 3085 43
705 3037 747 3084 aa

304 3154 526 3207 todiernumF
596 3154 767 3238 wlsinpulo
767 3156 815 3208 F'
804 3173 835 3208 co
848 3173 898 3226 mg.
915 3158 945 3207 ai
959 3152 1112 3223 simpuui03
1130 3151 1240 3222 sipiiuio

233 3226 379 3294 φωτῶν
400 3243 419 3278 u
442 3233 467 3279 et
456 3224 602 3280 taltero
594 3244 605 3277 1
623 3227 654 3279 io
671 3243 736 3293 raa,
754 3226 786 3278 io
804 3243 855 3296 mg.
876 3230 901 3279 e⁵
924 3224 1122 3309 sympiilo)[po
1153 3222 1239 3277 cGn.

232 3313 281 3381 For
301 3312 348 3367 Cn
369 3313 420 3368 Kr.
436 3314 547 3368 Manius
565 3314 587 3367 F
605 3330 714 3367 marcus
730 3335 751 3381 φ
770 3315 805 3380 cs.
821 3318 917 3382 25.16,
932 3320 964 3367 21
1039 3319 1053 3365 9
1075 3271 1132 3380 apot
1153 3312 1175 3365 F
1195 3314 1240 3382 (po

233 3385 298 3438 add
313 3401 347 3439 m.
363 3389 389 3453 1)
457 3390 490 3437 10
506 3384 666 3438 extantibus
685 3386 707 3438 F
726 3386 764 3439 od
785 3402 893 3439 uersum
908 3403 955 3453 que
951 3384 1084 3453 'pertinet
1097 3401 1115 3436 o
1130 3382 1239 3437 collatis

232 3472 316 3523 osque
335 3456 373 3509 ad
389 3455 470 3524 Regu
496 3458 527 3508 io
549 3473 601 3525 mp.
621 3457 707 3510 odscr.
734 3462 772 3511 est
789 3455 848 3508 dF
939 3462 971 3509 12
991 3453 1051 3509 cml
1065 3453 1115 3508 ille
1135 3475 1155 3522 φ
1176 3454 1240 3507 *ille

233 3526 386 3580 omnes¹¹l¹
459 3533 491 3579 12
511 3526 638 3580 consules
656 3527 678 3579 F
696 3529 810 3582 conlusit
828 3527 879 3582 Kc.
958 3532 990 3578 18
1010 3528 1039 3580 et
1056 3524 1140 3595 longe
1158 3526 1240 3579 huius

235 3597 323 3650 animi
341 3596 425 3667 longe
445 3613 473 3650 es
492 3597 596 3650 frustra
616 3619 637 3666 φ
727 3605 759 3651 21
781 3598 941 3651 amiciorem
959 3598 998 3651 sic
1016 3598 1037 3650 F
1057 3597 1241 3650 amicitiorem

233 3669 384 3736 ‹plaerbo
406 3684 462 3721 non
484 3672 656 3737 putas-22
676 3668 839 3738 opulentiae
857 3675 950 3722 actoru
973 3670 1004 3721 iu
1023 3688 1044 3737 φ
1063 3670 1095 3721 io
1112 3670 1182 3722 coloe
1200 3668 1240 3720 al-

229 3741 317 3809 terius
335 3740 475 3793 columnae
493 3756 527 3792 m.
547 3745 563 3791 2
582 3740 685 3807 scripto
702 3740 749 3793 Kr.
771 3745 774 3806 Ι
799 3738 938 3793 cohercite
956 3739 1001 3806 Ὲφ
1073 3745 1107 3792 24
1126 3755 1173 3803 ea,
1187 3738 1245 3792 etsi

232 3810 330 3878 scripsi
349 3810 402 3863 etsi
421 3826 456 3863 ea
473 3810 588 3865 Salmas.
609 3826 643 3864 ea
662 3810 687 3864 si
704 3811 755 3881 llo
771 3809 936 3881 inihillp
953 3809 1050 3863 iibido
1068 3810 1129 3861 Kc.

1268 3840 1275 3846 ’
1323 3881 1340 4028 ι,
