3042 4300
654 429 812 484 11011111
926 504 927 507 Ν
1176 430 1237 494 161

187 537 282 578 neone.
1161 538 1176 577 1.
1192 539 1251 578 rere.
1266 537 1282 578 r.
1297 540 1313 579 a

231 599 374 674 pleraque
410 599 614 674 philosophiae
651 600 713 657 eius
750 599 950 672 contulerunt,
988 617 1062 673 quae
1095 599 1239 656 mentium

230 686 420 761 documenta,
457 706 532 762 quae
564 706 720 763 corporum
752 688 994 775 exercitamenta,
1031 688 1103 762 quot
1139 691 1238 763 partes

231 775 339 851 animi,
370 778 442 851 quot
471 776 549 835 uices
579 776 674 850 uitae,
705 795 780 850 quae
810 776 866 834 diis
894 775 1028 833 manibus
1055 775 1238 850 promerito

231 883 284 923 suo
308 865 413 940 cuique
436 867 583 923 tormenta
607 865 655 922 uel
676 864 817 940 praemia.
855 864 926 939 quin
949 865 1039 922 etiam
1056 862 1238 939 Pherecydes

187 967 224 1006 Kr.
234 953 309 1028 Syro
338 973 372 1011 ex
400 954 498 1012 insula
526 953 680 1028 oriundus,
708 954 759 1028 qui
785 955 899 1028 primus
927 971 1065 1011 uersuum
1092 971 1168 1010 nexu
1194 972 1239 1010 re-

205 1042 356 1118 epudiato
379 1042 560 1101 conscribere
583 1061 671 1100 ausus
695 1044 740 1100 est
761 1043 857 1116 passis
880 1043 987 1116 uerbiS,
1010 1042 1106 1100 soluto
1130 1041 1240 1114 locutu,

187 1145 219 1195 se)
233 1131 326 1190 libera
350 1130 492 1204 oratione,
515 1150 582 1188 eum
606 1150 721 1205 quoque
744 1130 931 1207 Pythagoras
954 1131 1130 1206 magistrum
1149 1129 1241 1187 coluit

187 1237 219 1288 se)
235 1223 265 1278 et
285 1219 402 1278 infandi
423 1219 519 1277 morbi
540 1219 696 1294 putredine
723 1220 755 1276 in
783 1220 963 1296 serpentium
980 1213 991 1296 ll
1009 1218 1136 1277 scabiem
1160 1218 1236 1276 solu·
1251 1235 1266 1275 r.
1282 1237 1313 1276 1a

232 1311 297 1367 tum
326 1309 464 1384 religiose
493 1307 636 1366 humanit.
685 1308 781 1366 fertur
810 1311 840 1366 et
869 1326 958 1383 penes
987 1306 1241 1366 Anaximandrum

192 1420 219 1458 ro
232 1397 383 1456 Milesium
405 1396 586 1456 naturabilia
609 1400 837 1472 commentatus,
860 1416 912 1456 nec
936 1416 995 1455 non
1019 1399 1048 1455 et
1073 1395 1240 1454 Cretensem

233 1486 428 1561 Epimeniden
461 1485 597 1544 inclitum
627 1486 806 1560 fatiloquum
833 1488 863 1544 et
892 1488 1039 1562 piatorem
1067 1484 1240 1559 disciplinae

232 1576 330 1650 gratia
349 1577 491 1648 sectatus,
518 1574 647 1650 itemque
670 1574 902 1633 Leodamantem
927 1573 1086 1650 Creophyli
1113 1573 1240 1649 discipu-

234 1663 305 1737 lum,
329 1664 380 1737 qui
405 1662 585 1738 Creophylus
608 1667 789 1723 memoratur
811 1667 916 1739 poetae
939 1663 1062 1721 Homeri
1080 1663 1187 1738 hospes
1211 1665 1241 1720 et

236 1753 399 1810 aemulator
421 1752 546 1810 canendi
567 1752 666 1812 fuisse.
702 1756 748 1811 tot
770 1754 821 1811 ille
844 1752 1011 1810 doctoribus
1031 1752 1173 1825 eruditus,
1195 1754 1242 1809 tot

193 1862 220 1902 15
235 1843 355 1915 tamque
378 1841 544 1917 multiiugis
567 1843 706 1900 caliabus
736 1841 960 1917 disciplinarum
981 1842 1046 1898 toto
1077 1839 1146 1898 orbe
1169 1840 1241 1896 hau·

236 1931 304 2003 stis,
343 1929 390 1986 uir
421 1930 596 2004 praesertim
627 1930 745 2005 ingenio
773 1929 888 2006 ingenti
924 1946 958 1986 ae
989 1928 1121 2004 profecto
1153 1946 1242 2003 super

235 2021 354 2093 captum
385 2017 512 2076 hominis
545 2019 636 2075 animi
669 2018 835 2094 augustior,
866 2017 979 2092 primus
1006 2015 1211 2092 philosophiae
1237 2010 1240 2095 l

187 2127 220 2175 10)
235 2110 422 2182 nuncupator
444 2110 474 2166 et
496 2091 638 2181 conditor,
661 2106 736 2165 nihil
758 2107 840 2184 prius
868 2105 1027 2182 discipulos
1050 2122 1118 2164 suos
1143 2102 1243 2162 docuit

235 2215 325 2270 quam
346 2199 457 2269 tacere,
486 2197 641 2271 primaque
668 2197 745 2272 apud
775 2216 842 2255 eum
868 2194 1023 2254 meditatio
1047 2193 1174 2269 sapienti
1196 2194 1242 2250 fu-

193 2308 220 2346 ao
233 2288 302 2344 turo
333 2285 468 2361 linguam
499 2304 615 2343 onmem
647 2304 777 2345 coercere
809 2284 971 2359 uerbaque,
1004 2302 1078 2358 quae
1108 2281 1243 2339 uolantia

234 2376 343 2448 poetae,
364 2374 530 2449 appellant,
558 2393 593 2432 ea
620 2375 710 2432 uerba
737 2374 878 2433 detractis
901 2372 999 2448 pinnis
1023 2373 1102 2429 intra
1125 2390 1243 2428 murum

235 2462 425 2520 candentium
445 2462 577 2521 dentium
598 2482 740 2538 premere.
785 2481 920 2538 prorsus,
942 2462 1078 2535 inquam,
1100 2460 1155 2517 hoc
1179 2462 1243 2518 erat

234 2551 364 2626 primum
387 2551 550 2626 sapientiae
579 2552 793 2626 rudimentum,
822 2551 960 2609 meditari
990 2550 1170 2622 condiscere,
1200 2549 1242 2607 lo-

236 2640 348 2715 quitari
379 2639 533 2699 dediscere.
586 2660 645 2699 non
676 2643 708 2698 in
737 2644 834 2699 totum
866 2659 973 2699 aeuum
1008 2642 1109 2697 tamen
1141 2656 1243 2696 uocem

307 2813 340 2861 18
359 2808 439 2877 Apol.
461 2826 482 2862 c.
502 2815 528 2874 4,
546 2827 574 2878 p.
594 2814 619 2864 8.
630 2816 656 2874 4,
675 2813 727 2861 387
746 2807 787 2875 0.,
805 2826 833 2877 p.
854 2811 904 2861 ’126
923 2808 970 2862 Κ1.

306 2886 339 2931 11
359 2879 439 2948 Apol.
460 2896 482 2932 o.
504 2885 528 2945 1,
546 2898 572 2948 p.
595 2885 690 2946 11.11‚
710 2884 762 2932 394
781 2879 821 2947 0,
839 2898 866 2948 p.
888 2884 929 2946 10,
940 2886 973 2932 aa
992 2879 1038 2932 Kr.

308 3064 322 3109 1
343 3056 512 3110 contulerint
529 3057 593 3125 Fp¹
612 3057 789 3110 contulerunt
808 3056 844 3126 φ’
933 3062 949 3107 4
967 3004 1118 3124 pherecydes
1142 3054 1202 3107 Siro
1221 3054 1242 3106 F

236 3170 252 3217 6
279 3164 373 3218 uerbis
402 3162 475 3233 Ἐφ’
506 3162 634 3216 uersibus
663 3163 703 3231 φ1
736 3164 778 3233 (ia
804 3180 855 3234 my.
885 3184 906 3231 φ
935 3139 976 3233 [cl
1004 3160 1095 3230 passis
1127 3160 1220 3213 uerbis
1221 3161 1243 3230 J)

237 3242 251 3288 7
280 3235 440 3304 Pittagoras
469 3255 490 3302 φ
598 3234 882 3287 9Anaxamandrum
909 3234 930 3285 F
964 3231 1195 3297 anxiamandrum
1222 3251 1244 3299 φ

238 3312 270 3359 10
291 3308 470 3374 comtatusp
535 3311 566 3357 11
586 3305 724 3374 piatorem
742 3306 820 3373 Lips.
839 3305 984 3373 platonem
1002 3302 1050 3371 Fp
1115 3300 1244 3355 110100-

235 3378 326 3447 pyliF
342 3373 498 3446 Creopili‘p
513 3378 575 3431 ilem
590 3376 741 3446 Creopylus
755 3382 780 3429 ct
794 3374 949 3445 Creopilus3
965 3372 1135 3442 Creophylus
1150 3374 1241 3427 seclae.

235 3450 288 3503 Kr.
363 3454 396 3502 13
416 3448 501 3501 omeri
519 3448 571 3516 Fp
654 3454 686 3505 15
705 3450 811 3514 tanque
829 3447 851 3498 F
870 3448 1044 3513 tantoquep
1074 3449 1078 3513 Ι
1108 3443 1244 3497 calicibus

234 3522 333 3588 scripsi
352 3518 499 3572 comitibus
523 3520 571 3587 Fp
595 3518 720 3572 fontibus
739 3518 791 3572 Kr.
818 3534 879 3572 cam
903 3517 994 3571 Coloa‘o
1023 3515 1148 3569 caliculis
1175 3515 1243 3569 Oud.

237 3596 270 3643 17
294 3590 440 3659 augustior
461 3590 526 3658 Ἐφ’
553 3590 697 3659 angustior
720 3588 756 3658 φ’
847 3594 880 3641 18
903 3588 1089 3656 nuncupatior
1112 3587 1134 3639 F
1157 3603 1244 3639 nunc-

235 3662 404 3730 cupatiorcp
481 3665 515 3712 20
542 3661 670 3729 linguam
697 3660 809 3713 omnino
836 3660 1044 3714 Rittershouescu
1073 3658 1096 3709 l.
1112 3657 1256 3707 mobilem

232 3734 330 3785 Redde
342 3735 350 3798 s
365 3732 512 3855 copercere
526 3753 548 3803 φ
566 3735 571 3805 l
586 3732 735 3803 uerbaque
753 3732 846 3804 quael
855 3730 951 3785 uerba
963 3728 1049 3801 quqh
1064 3725 1240 3783 uersam&
1251 3736 1277 3776 W

225 3807 262 3851 22
276 3808 375 3867 pmere
423 3825 444 3873 φ
