3042 4300
281 399 344 462 122
556 397 587 451 Ia.
605 396 739 452 APVLEI
756 397 1016 454 MADAVRENSIS

174 509 187 549 r.
202 509 262 550 12⁵0.
276 508 292 549 ι.
306 510 353 550 aa.
1236 506 1278 549 aa.
1290 507 1360 550 cuae

277 570 358 628 noris
381 567 478 645 gratia
501 567 643 644 legatum,
665 585 712 642 ne,
740 568 766 626 si
789 566 861 642 quid
884 568 911 626 ei
932 567 1106 628 humanitus
1130 568 1286 646 attigisset,

277 676 384 718 nomen
406 656 531 716 maritus
554 657 586 714 in
608 657 707 716 uxoris
730 656 841 717 tabulis
859 675 920 715 non
937 656 1083 716 haberem.
1122 675 1195 734 cape
1209 657 1287 718 istud

276 748 381 806 matris
403 748 473 805 tuae
495 747 722 820 testamentum,
752 764 821 804 uere
850 745 906 805 hoc
936 745 1056 821 quidem
1081 746 1285 806 inofficiosum

278 833 404 912 quidni?
440 835 472 893 in
502 853 560 909 quo
590 835 889 910 obsequentissimum
918 836 1060 894 maritum
1089 835 1287 910 exheredauit,

277 925 515 984 inimicissimum
545 923 642 982 filium
673 923 793 983 scribsit
823 922 973 1000 heredem,
1011 925 1103 983 immo
1137 926 1317 985 enimueros

276 1034 336 1074 non
366 1013 475 1088 filium,
505 1011 556 1072 sed
585 1012 747 1071 Aemiliani
775 1030 842 1089 spes
874 1016 904 1071 et
935 1011 1036 1071 Rufini
1067 1015 1205 1090 nuptias,
1238 1013 1287 1074 sed

240 1160 245 1167 .
275 1104 472 1163 temulentum
484 1100 561 1160 illud
573 1102 740 1178 collegium,
757 1102 906 1177 parasitos
920 1105 995 1162 tuos.
1030 1103 1138 1179 accipe,
1156 1104 1287 1179 inquam,

274 1193 404 1252 filiorum
435 1192 560 1268 optime,
590 1193 620 1249 et
650 1191 756 1267 positis
784 1191 936 1268 paulisper
967 1191 1102 1268 epistulis
1136 1193 1286 1252 amatoriis

275 1282 381 1341 matris
413 1281 478 1357 lege
510 1279 610 1357 potius
642 1281 868 1339 testamentum:
904 1280 930 1339 si
963 1280 1035 1355 quid
1066 1281 1154 1355 quasi
1183 1282 1286 1342 insana

275 1370 407 1444 scribsit,
432 1369 482 1428 hic
503 1369 631 1444 reperies
655 1372 685 1427 et
712 1368 832 1443 quidem
858 1387 928 1427 mox
953 1363 964 1448 ΙΙ
992 1389 1008 1428 a
1035 1369 1198 1447 principio:
1230 1365 1285 1429 ‘Si
1298 1389 1318 1430 u

275 1461 370 1519 cinius
392 1457 511 1517 Pudens
533 1457 613 1516 filius
643 1476 726 1517 meus
755 1457 829 1516 mihi
858 1457 943 1517 heres
972 1453 1057 1518 esto!
1101 1459 1213 1519 fateor:
1237 1460 1286 1536 qui

274 1549 330 1608 hoc
352 1548 474 1625 legerit,
500 1547 639 1606 insanum
660 1546 789 1622 putabit.
833 1546 930 1605 hicine
953 1546 1032 1607 filius
1054 1547 1153 1623 heres,
1182 1549 1235 1624 qui
1256 1552 1339 1616 teus)

274 1638 394 1712 inipso
416 1636 517 1695 fratris
541 1636 587 1695 sui
609 1637 712 1699 funere
741 1634 885 1695 aduocata
911 1634 1181 1712 perditissimorum
1204 1639 1360 1708 turatino

274 1746 347 1785 num
368 1745 460 1784 manu
482 1725 579 1784 uoluit
598 1724 751 1784 excludere
775 1744 790 1784 e
814 1724 900 1784 domo
919 1745 1010 1800 quam
1027 1726 1093 1801 ipsa
1112 1725 1285 1802 donaueras

275 1816 328 1890 qui
349 1817 380 1873 te
403 1814 460 1873 sibi
476 1834 501 1872 a
523 1815 615 1873 fratre
639 1813 811 1873 coheredem
828 1815 965 1873 relictam
982 1816 1115 1892 grauiter
1133 1818 1164 1875 et
1183 1816 1284 1876 acerbe
1297 1834 1316 1877 u

274 1904 355 1979 tulit,
379 1904 430 1979 qui
452 1903 608 1962 confestim
629 1905 660 1961 te
683 1922 751 1962 cum
772 1905 825 1962 tuo
848 1903 931 1962 luctu
955 1906 985 1963 et
1002 1905 1135 1964 maerore
1155 1904 1284 1965 deseruit

274 1996 305 2053 et
328 1992 366 2052 ad
388 1991 528 2050 Rufinum
555 1994 586 2050 et
607 1991 809 2050 Aemilianum
836 1991 871 2050 de
899 1992 966 2051 sinu
993 1995 1046 2052 tuo
1074 1994 1208 2071 aufugit,
1234 1994 1284 2070 qui

273 2083 327 2141 tibi
348 2082 493 2160 plurimas
516 2084 621 2159 postea
643 2081 837 2140 contumelias
861 2080 937 2140 dixit
958 2100 1056 2140 coram
1075 2083 1106 2141 et
1124 2083 1284 2142 adiuuante

275 2175 383 2249 patruo
405 2172 485 2246 fecit,
507 2172 561 2248 qui
583 2190 690 2230 nomen
713 2174 799 2230 tuum
820 2190 875 2246 pro
897 2171 1097 2232 tribunalibus
1115 2173 1284 2248 uentilauit,

274 2262 327 2336 qui
354 2260 498 2337 pudorem
528 2263 615 2319 tuum
645 2261 769 2319 tuismet
799 2259 908 2319 litteris
935 2262 1057 2321 conatus
1090 2264 1136 2321 est
1167 2262 1317 2340 publices

274 2349 461 2425 dedecorare,
484 2349 536 2424 qui
558 2349 699 2408 maritum
721 2352 821 2423 tuum,
845 2367 933 2423 quem
956 2350 1101 2426 elegeras,
1124 2369 1230 2426 quem,
1252 2354 1285 2410 ut

273 2440 337 2514 ipse
360 2438 519 2512 obiciebat,
546 2438 678 2497 efflictim
702 2438 835 2512 amabas,
864 2438 970 2513 capitis
994 2438 1166 2497 accusauit?
1204 2441 1285 2515 aperi

274 2545 396 2602 quaeso,
418 2527 494 2586 bone
516 2546 603 2602 puer,
628 2527 710 2602 aperi
732 2529 958 2587 testamentum:
994 2528 1113 2587 facilius
1135 2529 1285 2589 insaniam

273 2616 378 2674 matris
401 2616 444 2675 sic
465 2615 613 2692 probabis.

340 2702 418 2773 Quid
441 2704 555 2778 abnuis,
579 2703 651 2779 quid
667 2722 795 2778 recusas,
817 2706 977 2779 postquam
997 2705 1231 2766 sollicitudinem
1248 2706 1284 2766 de
1296 2723 1318 2780 at

220 2793 259 2853 GI
271 2792 436 2852 hereditate
472 2795 606 2852 materna
641 2791 823 2868 reppulisti?
873 2795 905 2850 at
941 2812 995 2870 ego
1031 2794 1119 2854 hasce
1155 2796 1284 2871 tabulas,

272 2883 410 2957 Maxime,
431 2881 480 2940 hic
502 2881 612 2942 ibidem
634 2901 688 2960 pro
710 2882 836 2958 pedibus
859 2882 919 2941 tuis
938 2882 1034 2942 abicio
1052 2886 1216 2961 testorque,
1237 2903 1284 2944 me

273 2972 410 3048 deinceps
428 2971 605 3030 incuriosius
623 2971 805 3045 habitururn,
828 2970 900 3046 quid
913 2970 1084 3031 Pudentilla
1102 2974 1283 3034 testamento

273 3079 325 3121 suo
349 3060 467 3121 scribat.
513 3061 576 3135 ipse
598 3061 672 3134 iam,
699 3060 844 3134 utlibet,
870 3062 997 3119 matrem
1020 3080 1105 3120 suam
1127 3062 1164 3121 de
1187 3067 1284 3123 cetero

272 3150 385 3210 exoret:
407 3150 490 3224 mihi,
513 3153 548 3207 ut
566 3150 645 3207 ultra
662 3167 717 3224 pro
737 3167 771 3208 eo
790 3147 937 3225 deprecer,
959 3150 1058 3209 locum
1075 3169 1136 3210 non
1152 3152 1284 3228 reliquit.
1297 3169 1319 3212 so

271 3240 335 3316 ipse
358 3240 419 3298 iam
441 3241 475 3297 ut
495 3230 500 3318 Ι
521 3239 567 3298 sui
589 3241 694 3315 potens
719 3257 752 3297 ac
771 3238 818 3296 uir
836 3238 1040 3299 acerbissimas
1057 3239 1176 3302 litteras
1195 3243 1285 3301 matri
1298 3252 1342 3308 (see)

345 3449 359 3496 1
379 3443 406 3496 ei
432 3443 482 3512 Fcp
501 3443 577 3515 [bion
604 3443 675 3510 eam)
704 3458 767 3496 eam
785 3443 838 3497 Kr.
946 3449 962 3497 2
985 3443 1073 3516 istud]
1097 3445 1154 3499 ista
1180 3449 1214 3501 ut
1236 3447 1294 3517 se

272 3518 289 3566 4
308 3514 388 3581 quini
405 3514 454 3583 sp
545 3519 560 3568 b
580 3514 692 3568 scribsit
709 3513 731 3567 F
831 3518 847 3567 8
867 3514 940 3583 eplif
955 3514 1004 3583 Ftp
1103 3521 1136 3570 12
1155 3516 1286 3572 insanmn

272 3585 322 3654 Fe
345 3584 475 3639 insanam
493 3586 545 3640 Kr.
581 3589 585 3654 Ι
618 3585 752 3639 hicineF
780 3585 930 3655 hiccinep
1030 3591 1063 3641 15
1086 3587 1219 3643 relictum
1236 3590 1284 3659 eo

259 3713 301 3758 18
318 3708 389 3778 tibi]
402 3708 449 3791 ibi
464 3708 516 3779 Ρφ
591 3714 627 3765 20
645 3708 750 3766 litteris
767 3709 818 3781 lup
894 3715 931 3764 ‘lb
947 3710 1137 3779 reppulistil'
1155 3671 1286 3782 tergm

244 3793 269 3838 φ
335 3782 378 3830 27
392 3779 492 3835 abicio
512 3802 537 3852 φ
557 3782 699 3839 adicioF
768 3781 982 3851 coronemus
1048 3786 1085 3833 ‘at
1102 3781 1297 3835 accubuimus
